<?xml version="1.0" encoding="UTF-8"?>
<!DOCTYPE html PUBLIC "-//W3C//DTD XHTML 1.0 Transitional//EN"
    "http://www.w3.org/TR/xhtml1/DTD/xhtml1-transitional.dtd">
<html xmlns="http://www.w3.org/1999/xhtml" xml:lang="en" lang="en">
 <head>
  <title>
</title>
<meta http-equiv="Content-Type" content="text/html;charset=utf-8" />
  <meta name='ocr-system' content='tesseract 3.04.00' />
  <meta name='ocr-capabilities' content='ocr_page ocr_carea ocr_par ocr_line ocrx_word'/>
</head>
<body>
  <div class='ocr_page' id='page_1' title='image "./specimenliterar00weijgoog_0058.png"; bbox 0 0 2967 5092; ppageno 0'>
   <div class='ocr_carea' id='block_1_1' title="bbox 774 578 817 645">
    <p class='ocr_par' dir='ltr' id='par_1_1' title="bbox 774 578 817 645">
     <span class='ocr_line' id='line_1_1' title="bbox 774 578 817 645; baseline 0.023 -1"><span class='ocrx_word' id='word_1_1' title='bbox 774 578 817 645; x_wconf 74' lang='grc'>46</span> 
     </span>
    </p>
   </div>
   <div class='ocr_carea' id='block_1_2' title="bbox 298 754 1275 2511">
    <p class='ocr_par' dir='ltr' id='par_1_2' title="bbox 298 754 1275 2511">
     <span class='ocr_line' id='line_1_2' title="bbox 308 754 1275 845; baseline 0.007 -18"><span class='ocrx_word' id='word_1_2' title='bbox 308 754 414 827; x_wconf 69' lang='lat' dir='ltr'>metae</span> <span class='ocrx_word' id='word_1_3' title='bbox 431 780 463 844; x_wconf 77' lang='lat' dir='ltr'>p.</span> <span class='ocrx_word' id='word_1_4' title='bbox 478 760 534 824; x_wconf 74' lang='lat' dir='ltr'>stt</span> <span class='ocrx_word' id='word_1_5' title='bbox 549 765 578 821; x_wconf 79' lang='lat' dir='ltr'>n</span> <span class='ocrx_word' id='word_1_6' title='bbox 598 763 656 820; x_wconf 82' lang='lat' dir='ltr'>fine</span> <span class='ocrx_word' id='word_1_7' title='bbox 671 772 700 821; x_wconf 73' lang='lat' dir='ltr'>a</span> <span class='ocrx_word' id='word_1_8' title='bbox 717 763 747 820; x_wconf 77' lang='lat' dir='ltr'>tn</span> <span class='ocrx_word' id='word_1_9' title='bbox 766 763 808 821; x_wconf 69' lang='lat' dir='ltr'>V.</span> <span class='ocrx_word' id='word_1_10' title='bbox 833 765 975 825; x_wconf 69' lang='lat' dir='ltr'>Phocion.</span> <span class='ocrx_word' id='word_1_11' title='bbox 1006 786 1037 845; x_wconf 83' lang='lat' dir='ltr'>p.</span> <span class='ocrx_word' id='word_1_12' title='bbox 1054 764 1120 828; x_wconf 75' lang='lat' dir='ltr'>ese.</span> <span class='ocrx_word' id='word_1_13' title='bbox 1154 773 1218 833; x_wconf 72' lang='lat' dir='ltr'>nis</span> <span class='ocrx_word' id='word_1_14' title='bbox 1241 775 1275 834; x_wconf 72' lang='lat' dir='ltr'>r.</span> 
     </span>
     <span class='ocr_line' id='line_1_3' title="bbox 310 864 1273 944; baseline 0.01 -16"><span class='ocrx_word' id='word_1_15' title='bbox 310 864 389 929; x_wconf 75' lang='lat' dir='ltr'>itlter</span> <span class='ocrx_word' id='word_1_16' title='bbox 406 871 489 927; x_wconf 83' lang='lat' dir='ltr'>iocus</span> <span class='ocrx_word' id='word_1_17' title='bbox 513 876 557 925; x_wconf 88' lang='lat' dir='ltr'>est</span> <span class='ocrx_word' id='word_1_18' title='bbox 574 868 655 944; x_wconf 82' lang='lat' dir='ltr'>apud</span> <span class='ocrx_word' id='word_1_19' title='bbox 678 869 804 926; x_wconf 87' lang='lat' dir='ltr'>eundem</span> <span class='ocrx_word' id='word_1_20' title='bbox 828 874 964 927; x_wconf 69' lang='lat' dir='ltr'>Annon.</span> <span class='ocrx_word' id='word_1_21' title='bbox 991 871 1027 928; x_wconf 89' lang='lat' dir='ltr'>de</span> <span class='ocrx_word' id='word_1_22' title='bbox 1054 873 1143 933; x_wconf 57' lang='lat' dir='ltr'>Caedi</span> <span class='ocrx_word' id='word_1_23' title='bbox 1159 877 1273 939; x_wconf 79' lang='lat' dir='ltr'>Herod.</span> 
     </span>
     <span class='ocr_line' id='line_1_4' title="bbox 309 970 1273 1056; baseline 0.009 -24"><span class='ocrx_word' id='word_1_24' title='bbox 309 992 345 1056; x_wconf 85' lang='lat' dir='ltr'>p</span> <span class='ocrx_word' id='word_1_25' title='bbox 353 970 437 1033; x_wconf 75' lang='lat'><strong>729:-</strong></span> <span class='ocrx_word' id='word_1_26' title='bbox 449 972 501 1032; x_wconf 88' lang='lat' dir='ltr'>ubi</span> <span class='ocrx_word' id='word_1_27' title='bbox 513 971 628 1029; x_wconf 85' lang='lat' dir='ltr'>disertis</span> <span class='ocrx_word' id='word_1_28' title='bbox 644 973 744 1030; x_wconf 78' lang='lat' dir='ltr'>verbis</span> <span class='ocrx_word' id='word_1_29' title='bbox 761 975 884 1044; x_wconf 82' lang='lat' dir='ltr'>dieitur,</span> <span class='ocrx_word' id='word_1_30' title='bbox 902 972 1026 1031; x_wconf 82' lang='lat' dir='ltr'>liberum</span> <span class='ocrx_word' id='word_1_31' title='bbox 1042 980 1193 1053; x_wconf 74' lang='lat' dir='ltr'>quemdam</span> <span class='ocrx_word' id='word_1_32' title='bbox 1208 994 1273 1041; x_wconf 77' lang='lat' dir='ltr'>tor-</span> 
     </span>
     <span class='ocr_line' id='line_1_5' title="bbox 308 1075 1272 1153; baseline 0.009 -16"><span class='ocrx_word' id='word_1_33' title='bbox 308 1080 429 1148; x_wconf 77' lang='lat' dir='ltr'>mentis,</span> <span class='ocrx_word' id='word_1_34' title='bbox 459 1089 492 1135; x_wconf 89' lang='lat' dir='ltr'>ut</span> <span class='ocrx_word' id='word_1_35' title='bbox 511 1075 650 1134; x_wconf 85' lang='lat' dir='ltr'>iudicium</span> <span class='ocrx_word' id='word_1_36' title='bbox 672 1078 835 1153; x_wconf 82' lang='lat' dir='ltr'>proferret,</span> <span class='ocrx_word' id='word_1_37' title='bbox 855 1080 1136 1141; x_wconf 81' lang='lat' dir='ltr'>laceratumsnisse:</span> <span class='ocrx_word' id='word_1_38' title='bbox 1157 1086 1272 1150; x_wconf 85' lang='lat' dir='ltr'>difficile</span> 
     </span>
     <span class='ocr_line' id='line_1_6' title="bbox 308 1178 1272 1270; baseline 0.006 -28"><span class='ocrx_word' id='word_1_39' title='bbox 308 1178 405 1270; x_wconf 71' lang='lat' dir='ltr'>autem</span> <span class='ocrx_word' id='word_1_40' title='bbox 428 1180 463 1240; x_wconf 90' lang='lat' dir='ltr'>de</span> <span class='ocrx_word' id='word_1_41' title='bbox 484 1180 540 1237; x_wconf 90' lang='lat' dir='ltr'>hoo</span> <span class='ocrx_word' id='word_1_42' title='bbox 559 1181 623 1237; x_wconf 87' lang='lat' dir='ltr'>loeo</span> <span class='ocrx_word' id='word_1_43' title='bbox 653 1181 799 1253; x_wconf 84' lang='lat' dir='ltr'>indicare,</span> <span class='ocrx_word' id='word_1_44' title='bbox 829 1183 912 1258; x_wconf 84' lang='lat' dir='ltr'>quia,</span> <span class='ocrx_word' id='word_1_45' title='bbox 943 1195 1039 1241; x_wconf 84' lang='lat' dir='ltr'>utrum</span> <span class='ocrx_word' id='word_1_46' title='bbox 1060 1206 1096 1243; x_wconf 73' lang='lat' dir='ltr'>ex</span> <span class='ocrx_word' id='word_1_47' title='bbox 1119 1186 1272 1268; x_wconf 73' lang='lat' dir='ltr'>Mitylene,</span> 
     </span>
     <span class='ocr_line' id='line_1_7' title="bbox 305 1286 1274 1372; baseline 0.005 -23"><span class='ocrx_word' id='word_1_48' title='bbox 305 1304 342 1349; x_wconf 77' lang='lat' dir='ltr'>an</span> <span class='ocrx_word' id='word_1_49' title='bbox 357 1310 394 1348; x_wconf 83' lang='lat' dir='ltr'>ex</span> <span class='ocrx_word' id='word_1_50' title='bbox 414 1288 468 1345; x_wconf 77' lang='lat' dir='ltr'>atie</span> <span class='ocrx_word' id='word_1_51' title='bbox 483 1287 621 1362; x_wconf 82' lang='lat' dir='ltr'>regione,</span> <span class='ocrx_word' id='word_1_52' title='bbox 648 1286 713 1342; x_wconf 86' lang='lat' dir='ltr'>iure</span> <span class='ocrx_word' id='word_1_53' title='bbox 734 1287 953 1346; x_wconf 79' lang='lat' dir='ltr'><strong>Atheniensium</strong></span> <span class='ocrx_word' id='word_1_54' title='bbox 976 1288 1099 1349; x_wconf 81' lang='lat' dir='ltr'>civitatis</span> <span class='ocrx_word' id='word_1_55' title='bbox 1124 1314 1183 1351; x_wconf 89' lang='lat' dir='ltr'>non</span> <span class='ocrx_word' id='word_1_56' title='bbox 1199 1314 1274 1372; x_wconf 61' lang='lat' dir='ltr'>gau*</span> 
     </span>
     <span class='ocr_line' id='line_1_8' title="bbox 304 1371 1270 1465; baseline 0.007 -13"><span class='ocrx_word' id='word_1_57' title='bbox 304 1387 393 1452; x_wconf 78' lang='lat' dir='ltr'>iiente</span> <span class='ocrx_word' id='word_1_58' title='bbox 424 1371 524 1460; x_wconf 66' lang='lat' dir='ltr'>esset,⁵</span> <span class='ocrx_word' id='word_1_59' title='bbox 558 1389 737 1465; x_wconf 82' lang='lat' dir='ltr'>incognitum</span> <span class='ocrx_word' id='word_1_60' title='bbox 758 1401 814 1449; x_wconf 90' lang='lat' dir='ltr'>est.</span> <span class='ocrx_word' id='word_1_61' title='bbox 852 1392 923 1452; x_wconf 71' lang='lat' dir='ltr'>vid.</span> <span class='ocrx_word' id='word_1_62' title='bbox 950 1396 1089 1452; x_wconf 73' lang='lat' dir='ltr'>Bonum.</span> <span class='ocrx_word' id='word_1_63' title='bbox 1113 1396 1178 1455; x_wconf 75' lang='lat' dir='ltr'>Oce.</span> <span class='ocrx_word' id='word_1_64' title='bbox 1206 1400 1270 1459; x_wconf 78' lang='lat' dir='ltr'>Gir.</span> 
     </span>
     <span class='ocr_line' id='line_1_9' title="bbox 302 1490 1271 1581; baseline 0.006 -25"><span class='ocrx_word' id='word_1_65' title='bbox 302 1498 372 1557; x_wconf 79' lang='lat' dir='ltr'>vol.</span> <span class='ocrx_word' id='word_1_66' title='bbox 387 1494 430 1554; x_wconf 90' lang='lat'>11.</span> <span class='ocrx_word' id='word_1_67' title='bbox 457 1511 490 1573; x_wconf 91' lang='lat' dir='ltr'>p.</span> <span class='ocrx_word' id='word_1_68' title='bbox 505 1490 572 1551; x_wconf 71' lang='lat'>412.</span> <span class='ocrx_word' id='word_1_69' title='bbox 611 1490 972 1556; x_wconf 67' lang='lat' dir='ltr'>Praeterea&#39;Athenienses</span> <span class='ocrx_word' id='word_1_70' title='bbox 996 1498 1149 1575; x_wconf 81' lang='lat' dir='ltr'>aliquando</span> <span class='ocrx_word' id='word_1_71' title='bbox 1171 1504 1271 1581; x_wconf 61' lang='lat' dir='ltr'>inqui*</span> 
     </span>
     <span class='ocr_line' id='line_1_10' title="bbox 301 1597 1269 1685; baseline 0.006 -24"><span class='ocrx_word' id='word_1_72' title='bbox 301 1605 395 1673; x_wconf 84' lang='lat' dir='ltr'>linos,</span> <span class='ocrx_word' id='word_1_73' title='bbox 417 1616 591 1676; x_wconf 79' lang='lat' dir='ltr'>quamquam</span> <span class='ocrx_word' id='word_1_74' title='bbox 608 1597 735 1670; x_wconf 84' lang='lat' dir='ltr'>liberos,</span> <span class='ocrx_word' id='word_1_75' title='bbox 755 1598 834 1656; x_wconf 87' lang='lat' dir='ltr'>nulio</span> <span class='ocrx_word' id='word_1_76' title='bbox 850 1611 967 1658; x_wconf 84' lang='lat' dir='ltr'>vetante</span> <span class='ocrx_word' id='word_1_77' title='bbox 984 1604 1119 1677; x_wconf 85' lang='lat' dir='ltr'>decreto,</span> <span class='ocrx_word' id='word_1_78' title='bbox 1139 1610 1269 1685; x_wconf 74' lang='lat' dir='ltr'><strong>torqueri</strong></span> 
     </span>
     <span class='ocr_line' id='line_1_11' title="bbox 303 1698 1265 1789; baseline 0.005 -26"><span class='ocrx_word' id='word_1_79' title='bbox 303 1698 408 1786; x_wconf 84' lang='lat' dir='ltr'>passos</span> <span class='ocrx_word' id='word_1_80' title='bbox 423 1720 503 1773; x_wconf 87' lang='lat' dir='ltr'>esse,</span> <span class='ocrx_word' id='word_1_81' title='bbox 524 1703 581 1760; x_wconf 85' lang='lat' dir='ltr'>iam</span> <span class='ocrx_word' id='word_1_82' title='bbox 596 1706 714 1762; x_wconf 75' lang='lat' dir='ltr'>Mursa.</span> <span class='ocrx_word' id='word_1_83' title='bbox 729 1716 759 1761; x_wconf 88' lang='lat' dir='ltr'>et</span> <span class='ocrx_word' id='word_1_84' title='bbox 771 1703 909 1762; x_wconf 68' lang='lat' dir='ltr'>Senonas</span> <span class='ocrx_word' id='word_1_85' title='bbox 927 1706 963 1763; x_wconf 90' lang='lat' dir='ltr'>de</span> <span class='ocrx_word' id='word_1_86' title='bbox 980 1706 1045 1764; x_wconf 76' lang='lat' dir='ltr'>Lite</span> <span class='ocrx_word' id='word_1_87' title='bbox 1059 1711 1134 1767; x_wconf 68' lang='lat' dir='ltr'>Ata·</span> <span class='ocrx_word' id='word_1_88' title='bbox 1144 1734 1176 1789; x_wconf 87' lang='lat' dir='ltr'>p.</span> <span class='ocrx_word' id='word_1_89' title='bbox 1191 1712 1265 1785; x_wconf 76' lang='grc'><strong>685,</strong></span> 
     </span>
     <span class='ocr_line' id='line_1_12' title="bbox 302 1800 1268 1885; baseline 0.007 -16"><span class='ocrx_word' id='word_1_90' title='bbox 302 1800 376 1869; x_wconf 70' lang='lat' dir='ltr'>Lus.</span> <span class='ocrx_word' id='word_1_91' title='bbox 401 1811 431 1867; x_wconf 88' lang='lat' dir='ltr'>in</span> <span class='ocrx_word' id='word_1_92' title='bbox 455 1809 555 1883; x_wconf 77' lang='lat' dir='ltr'>Ager.</span> <span class='ocrx_word' id='word_1_93' title='bbox 581 1829 613 1885; x_wconf 85' lang='lat' dir='ltr'>p.</span> <span class='ocrx_word' id='word_1_94' title='bbox 626 1806 681 1867; x_wconf 70' lang='lat'>461</span> <span class='ocrx_word' id='word_1_95' title='bbox 705 1818 735 1865; x_wconf 88' lang='lat' dir='ltr'>et</span> <span class='ocrx_word' id='word_1_96' title='bbox 751 1806 818 1867; x_wconf 75' lang='lat'>462.</span> <span class='ocrx_word' id='word_1_97' title='bbox 833 1810 971 1882; x_wconf 74' lang='lat' dir='ltr'>citantes,</span> <span class='ocrx_word' id='word_1_98' title='bbox 991 1814 1268 1879; x_wconf 80' lang='lat' dir='ltr'>animadverterunt.</span> 
     </span>
     <span class='ocr_line' id='line_1_13' title="bbox 301 1910 1267 1996; baseline -0.003 -24"><span class='ocrx_word' id='word_1_99' title='bbox 301 1910 419 1973; x_wconf 75' lang='lat' dir='ltr'>Tertius</span> <span class='ocrx_word' id='word_1_100' title='bbox 438 1914 562 1988; x_wconf 86' lang='lat' dir='ltr'>denique</span> <span class='ocrx_word' id='word_1_101' title='bbox 580 1912 662 1970; x_wconf 82' lang='lat' dir='ltr'>locus</span> <span class='ocrx_word' id='word_1_102' title='bbox 674 1913 754 1990; x_wconf 80' lang='lat' dir='ltr'>apud</span> <span class='ocrx_word' id='word_1_103' title='bbox 775 1916 850 1972; x_wconf 69' lang='lat' dir='ltr'>Lus.</span> <span class='ocrx_word' id='word_1_104' title='bbox 864 1915 930 1976; x_wconf 70' lang='lat' dir='ltr'>uei.</span> <span class='ocrx_word' id='word_1_105' title='bbox 948 1914 1063 1975; x_wconf 49' lang='lat' dir='ltr'>Simone</span> <span class='ocrx_word' id='word_1_106' title='bbox 1087 1941 1119 1996; x_wconf 89' lang='lat' dir='ltr'>p.</span> <span class='ocrx_word' id='word_1_107' title='bbox 1138 1919 1202 1979; x_wconf 78' lang='grc'><strong>153.</strong></span> <span class='ocrx_word' id='word_1_108' title='bbox 1218 1924 1267 1979; x_wconf 57' lang='lat' dir='ltr'>ins</span> 
     </span>
     <span class='ocr_line' id='line_1_14' title="bbox 302 2014 1264 2102; baseline 0.006 -25"><span class='ocrx_word' id='word_1_109' title='bbox 302 2021 442 2088; x_wconf 83' lang='lat' dir='ltr'>venitur,</span> <span class='ocrx_word' id='word_1_110' title='bbox 472 2017 545 2084; x_wconf 78' lang='lat' dir='ltr'>ubi,</span> <span class='ocrx_word' id='word_1_111' title='bbox 580 2035 646 2072; x_wconf 89' lang='lat' dir='ltr'>cum</span> <span class='ocrx_word' id='word_1_112' title='bbox 683 2017 719 2072; x_wconf 89' lang='lat' dir='ltr'>de</span> <span class='ocrx_word' id='word_1_113' title='bbox 750 2014 921 2077; x_wconf 75' lang='lat' dir='ltr'>Tneonouo</span> <span class='ocrx_word' id='word_1_114' title='bbox 959 2022 1118 2081; x_wconf 75' lang='lat' dir='ltr'><strong>Plataeensi</strong></span> <span class='ocrx_word' id='word_1_115' title='bbox 1150 2024 1264 2102; x_wconf 83' lang='lat' dir='ltr'>agitur,</span> 
     </span>
     <span class='ocr_line' id='line_1_15' title="bbox 300 2118 1271 2199; baseline 0.005 -17"><span class='ocrx_word' id='word_1_116' title='bbox 300 2122 460 2182; x_wconf 79' lang='lat' dir='ltr'>defendens</span> <span class='ocrx_word' id='word_1_117' title='bbox 490 2120 582 2177; x_wconf 83' lang='lat' dir='ltr'>dicit:</span> <span class='ocrx_word' id='word_1_118' title='bbox 616 2118 806 2195; x_wconf 78' lang='grc' dir='ltr'><strong><em>ἐπικουρῆσαι</em></strong></span> <span class='ocrx_word' id='word_1_119' title='bbox 833 2124 886 2197; x_wconf 76' lang='grc' dir='ltr'>μέν</span> <span class='ocrx_word' id='word_1_120' title='bbox 907 2147 958 2198; x_wconf 85' lang='grc' dir='ltr'>μοι</span> <span class='ocrx_word' id='word_1_121' title='bbox 984 2126 1038 2182; x_wconf 74' lang='grc' dir='ltr'>οὐκ</span> <span class='ocrx_word' id='word_1_122' title='bbox 1060 2128 1096 2182; x_wconf 78' lang='grc' dir='ltr'>ἄν</span> <span class='ocrx_word' id='word_1_123' title='bbox 1122 2129 1271 2199; x_wconf 50' lang='lat' dir='ltr'>noireto(</span> 
     </span>
     <span class='ocr_line' id='line_1_16' title="bbox 299 2218 1263 2311; baseline 0.008 -28"><span class='ocrx_word' id='word_1_124' title='bbox 299 2234 427 2306; x_wconf 73' lang='grc' dir='ltr'><strong><em>μηνῦσαι</em></strong></span> <span class='ocrx_word' id='word_1_125' title='bbox 451 2226 485 2282; x_wconf 74' lang='grc' dir='ltr'>δὲ</span> <span class='ocrx_word' id='word_1_126' title='bbox 510 2225 611 2282; x_wconf 78' lang='grc' dir='ltr'><strong><em>ἱκανὸν</em></strong></span> <span class='ocrx_word' id='word_1_127' title='bbox 638 2218 671 2296; x_wconf 78' lang='grc' dir='ltr'>ἦν</span> <span class='ocrx_word' id='word_1_128' title='bbox 696 2225 937 2301; x_wconf 66' lang='grc' dir='ltr'><strong><em>βασανιζόμενόν,</em></strong></span> <span class='ocrx_word' id='word_1_129' title='bbox 967 2232 997 2286; x_wconf 73' lang='grc' dir='ltr'>εἴ</span> <span class='ocrx_word' id='word_1_130' title='bbox 1019 2251 1047 2286; x_wconf 79' lang='grc' dir='ltr'>τι</span> <span class='ocrx_word' id='word_1_131' title='bbox 1072 2231 1127 2309; x_wconf 70' lang='grc' dir='ltr'>ἐγὼ</span> <span class='ocrx_word' id='word_1_132' title='bbox 1146 2233 1263 2311; x_wconf 76' lang='grc' dir='ltr'><em>ἑξημάρ·</em></span> 
     </span>
     <span class='ocr_line' id='line_1_17' title="bbox 301 2326 1265 2397; baseline 0.007 -7"><span class='ocrx_word' id='word_1_133' title='bbox 301 2353 397 2390; x_wconf 72' lang='lat' dir='ltr'>ravon.</span> <span class='ocrx_word' id='word_1_134' title='bbox 435 2326 614 2387; x_wconf 85' lang='lat' dir='ltr'>Plataeenses</span> <span class='ocrx_word' id='word_1_135' title='bbox 632 2341 727 2385; x_wconf 89' lang='lat' dir='ltr'>autem</span> <span class='ocrx_word' id='word_1_136' title='bbox 745 2330 793 2387; x_wconf 90' lang='grc' dir='ltr'>ΟΙ.</span> <span class='ocrx_word' id='word_1_137' title='bbox 809 2330 1007 2390; x_wconf 79' lang='lat' dir='ltr'>LXXXVIII.</span> <span class='ocrx_word' id='word_1_138' title='bbox 1034 2338 1148 2393; x_wconf 77' lang='lat' dir='ltr'>annot</span> <span class='ocrx_word' id='word_1_139' title='bbox 1175 2342 1205 2395; x_wconf 91' lang='lat' dir='ltr'>in</span> <span class='ocrx_word' id='word_1_140' title='bbox 1223 2343 1265 2397; x_wconf 89' lang='lat' dir='ltr'>ci-</span> 
     </span>
     <span class='ocr_line' id='line_1_18' title="bbox 298 2432 1264 2511; baseline 0.008 -17"><span class='ocrx_word' id='word_1_141' title='bbox 298 2439 379 2494; x_wconf 72' lang='lat' dir='ltr'>tium</span> <span class='ocrx_word' id='word_1_142' title='bbox 393 2432 559 2510; x_wconf 79' lang='lat' dir='ltr'>dignitatem</span> <span class='ocrx_word' id='word_1_143' title='bbox 577 2446 753 2511; x_wconf 85' lang='lat' dir='ltr'>receperunt</span> <span class='ocrx_word' id='word_1_144' title='bbox 768 2436 957 2495; x_wconf 83' lang='lat' dir='ltr'>Athenienses</span> <span class='ocrx_word' id='word_1_145' title='bbox 986 2439 1024 2495; x_wconf 86' lang='lat' dir='ltr'>cf.</span> <span class='ocrx_word' id='word_1_146' title='bbox 1039 2440 1138 2497; x_wconf 81' lang='lat' dir='ltr'>Tnuc.</span> <span class='ocrx_word' id='word_1_147' title='bbox 1157 2445 1197 2499; x_wconf 90' lang='lat'>11.</span> <span class='ocrx_word' id='word_1_148' title='bbox 1215 2443 1264 2502; x_wconf 82' lang='lat'>73.</span> 
     </span>
    </p>
   </div>
   <div class='ocr_carea' id='block_1_3' title="bbox 297 2527 1350 2616">
    <p class='ocr_par' dir='ltr' id='par_1_3' title="bbox 297 2527 1350 2616">
     <span class='ocr_line' id='line_1_19' title="bbox 297 2527 1350 2616; baseline 0.006 -15"><span class='ocrx_word' id='word_1_149' title='bbox 297 2545 398 2602; x_wconf 82' lang='lat' dir='ltr'>Isocn.</span> <span class='ocrx_word' id='word_1_150' title='bbox 415 2538 547 2598; x_wconf 68' lang='lat' dir='ltr'>Panare.</span> <span class='ocrx_word' id='word_1_151' title='bbox 574 2560 606 2616; x_wconf 88' lang='lat' dir='ltr'>p.</span> <span class='ocrx_word' id='word_1_152' title='bbox 631 2527 699 2597; x_wconf 74' lang='lat'>251,</span> <span class='ocrx_word' id='word_1_153' title='bbox 716 2541 765 2613; x_wconf 83' lang='lat' dir='ltr'>(l)</span> <span class='ocrx_word' id='word_1_154' title='bbox 793 2553 822 2598; x_wconf 93' lang='lat' dir='ltr'>et</span> <span class='ocrx_word' id='word_1_155' title='bbox 848 2543 1015 2599; x_wconf 83' lang='lat' dir='ltr'>Orationem</span> <span class='ocrx_word' id='word_1_156' title='bbox 1033 2544 1107 2602; x_wconf 86' lang='lat' dir='ltr'>hanc</span> <span class='ocrx_word' id='word_1_157' title='bbox 1132 2561 1196 2604; x_wconf 86' lang='lat' dir='ltr'>ante</span> <span class='ocrx_word' id='word_1_158' title='bbox 1214 2550 1261 2608; x_wconf 87' lang='lat' dir='ltr'>ot.</span> <span class='ocrx_word' id='word_1_159' title='bbox 1348 2604 1350 2607; x_wconf 86' lang='grc'><em>,</em></span> 
     </span>
    </p>
   </div>
   <div class='ocr_carea' id='block_1_4' title="bbox 293 2642 1264 3769">
    <p class='ocr_par' dir='ltr' id='par_1_4' title="bbox 293 2642 1264 3769">
     <span class='ocr_line' id='line_1_20' title="bbox 297 2642 1261 2729; baseline 0.006 -22"><span class='ocrx_word' id='word_1_160' title='bbox 297 2646 407 2706; x_wconf 84' lang='lat' dir='ltr'>XCVI.</span> <span class='ocrx_word' id='word_1_161' title='bbox 426 2662 533 2703; x_wconf 89' lang='lat' dir='ltr'>annum</span> <span class='ocrx_word' id='word_1_162' title='bbox 546 2642 566 2703; x_wconf 74' lang='lat'><strong>4</strong></span> <span class='ocrx_word' id='word_1_163' title='bbox 580 2665 638 2702; x_wconf 89' lang='lat' dir='ltr'>non</span> <span class='ocrx_word' id='word_1_164' title='bbox 654 2645 743 2703; x_wconf 81' lang='lat' dir='ltr'>fuisso</span> <span class='ocrx_word' id='word_1_165' title='bbox 764 2644 907 2716; x_wconf 78' lang='lat' dir='ltr'><strong>habitam,</strong></span> <span class='ocrx_word' id='word_1_166' title='bbox 930 2649 999 2704; x_wconf 84' lang='lat' dir='ltr'>satis</span> <span class='ocrx_word' id='word_1_167' title='bbox 1013 2648 1108 2707; x_wconf 86' lang='lat' dir='ltr'>lucide</span> <span class='ocrx_word' id='word_1_168' title='bbox 1122 2671 1158 2709; x_wconf 86' lang='lat' dir='ltr'>ex</span> <span class='ocrx_word' id='word_1_169' title='bbox 1179 2654 1206 2729; x_wconf 67' lang='grc' dir='ltr'>ξ.</span> <span class='ocrx_word' id='word_1_170' title='bbox 1223 2655 1261 2713; x_wconf 71' lang='lat'>¹¹5</span> 
     </span>
     <span class='ocr_line' id='line_1_21' title="bbox 299 2747 1264 2829; baseline 0.005 -23"><span class='ocrx_word' id='word_1_171' title='bbox 299 2762 381 2829; x_wconf 81' lang='lat' dir='ltr'>patet</span> <span class='ocrx_word' id='word_1_172' title='bbox 406 2747 465 2821; x_wconf 65' lang='lat'>(2).</span> <span class='ocrx_word' id='word_1_173' title='bbox 503 2749 692 2824; x_wconf 84' lang='lat' dir='ltr'>Quapropter</span> <span class='ocrx_word' id='word_1_174' title='bbox 715 2750 856 2805; x_wconf 73' lang='lat' dir='ltr'>Bosora.</span> <span class='ocrx_word' id='word_1_175' title='bbox 886 2749 951 2807; x_wconf 79' lang='lat' dir='ltr'>Oce.</span> <span class='ocrx_word' id='word_1_176' title='bbox 985 2752 1048 2808; x_wconf 76' lang='lat' dir='ltr'>Cio.</span> <span class='ocrx_word' id='word_1_177' title='bbox 1075 2755 1143 2815; x_wconf 83' lang='lat' dir='ltr'>Vol.</span> <span class='ocrx_word' id='word_1_178' title='bbox 1163 2761 1187 2813; x_wconf 89' lang='lat' dir='ltr'>I.</span> <span class='ocrx_word' id='word_1_179' title='bbox 1211 2757 1264 2815; x_wconf 84' lang='lat'>199</span> 
     </span>
     <span class='ocr_line' id='line_1_22' title="bbox 296 2850 1262 2938; baseline 0.005 -24"><span class='ocrx_word' id='word_1_180' title='bbox 296 2856 429 2915; x_wconf 73' lang='lat' dir='ltr'>Butam</span> <span class='ocrx_word' id='word_1_181' title='bbox 444 2850 524 2909; x_wconf 86' lang='lat' dir='ltr'>adh.</span> <span class='ocrx_word' id='word_1_182' title='bbox 540 2850 560 2906; x_wconf 85' lang='lat' dir='ltr'>l.</span> <span class='ocrx_word' id='word_1_183' title='bbox 574 2869 716 2926; x_wconf 85' lang='lat' dir='ltr'>respuens</span> <span class='ocrx_word' id='word_1_184' title='bbox 734 2853 1019 2931; x_wconf 78' lang='lat' dir='ltr'>interpretationem,</span> <span class='ocrx_word' id='word_1_185' title='bbox 1040 2856 1096 2915; x_wconf 89' lang='lat' dir='ltr'>hoc</span> <span class='ocrx_word' id='word_1_186' title='bbox 1110 2864 1262 2938; x_wconf 79' lang='lat' dir='ltr'>exceptio·</span> 
     </span>
     <span class='ocr_line' id='line_1_23' title="bbox 297 2957 1261 3035; baseline 0.005 -17"><span class='ocrx_word' id='word_1_187' title='bbox 297 2966 334 3018; x_wconf 85' lang='lat' dir='ltr'>ite</span> <span class='ocrx_word' id='word_1_188' title='bbox 350 2957 473 3035; x_wconf 85' lang='lat' dir='ltr'>quadarn</span> <span class='ocrx_word' id='word_1_189' title='bbox 486 2957 595 3013; x_wconf 83' lang='lat' dir='ltr'>iactum</span> <span class='ocrx_word' id='word_1_190' title='bbox 611 2973 675 3013; x_wconf 90' lang='lat' dir='ltr'>esse</span> <span class='ocrx_word' id='word_1_191' title='bbox 693 2959 807 3025; x_wconf 77' lang='lat' dir='ltr'>statuit3</span> <span class='ocrx_word' id='word_1_192' title='bbox 836 2971 915 3016; x_wconf 90' lang='lat' dir='ltr'>recte</span> <span class='ocrx_word' id='word_1_193' title='bbox 933 2972 1030 3017; x_wconf 89' lang='lat' dir='ltr'>tamen</span> <span class='ocrx_word' id='word_1_194' title='bbox 1044 2984 1061 3019; x_wconf 84' lang='lat' dir='ltr'>a</span> <span class='ocrx_word' id='word_1_195' title='bbox 1082 2965 1207 3023; x_wconf 69' lang='lat' dir='ltr'>Muteno</span> <span class='ocrx_word' id='word_1_196' title='bbox 1224 2968 1261 3023; x_wconf 90' lang='lat' dir='ltr'>de</span> 
     </span>
     <span class='ocr_line' id='line_1_24' title="bbox 296 3060 1263 3141; baseline 0.01 -23"><span class='ocrx_word' id='word_1_197' title='bbox 296 3064 338 3124; x_wconf 88' lang='lat' dir='ltr'>B.</span> <span class='ocrx_word' id='word_1_198' title='bbox 354 3064 397 3121; x_wconf 73' lang='lat' dir='ltr'>D.</span> <span class='ocrx_word' id='word_1_199' title='bbox 413 3063 432 3119; x_wconf 91' lang='lat' dir='ltr'>l.</span> <span class='ocrx_word' id='word_1_200' title='bbox 448 3061 469 3117; x_wconf 89' lang='lat' dir='ltr'>l.</span> <span class='ocrx_word' id='word_1_201' title='bbox 486 3060 626 3118; x_wconf 90' lang='lat' dir='ltr'>eiusmodi</span> <span class='ocrx_word' id='word_1_202' title='bbox 639 3063 841 3139; x_wconf 86' lang='lat' dir='ltr'>exceptionem</span> <span class='ocrx_word' id='word_1_203' title='bbox 864 3085 1023 3141; x_wconf 77' lang='lat' dir='ltr'>numquam</span> <span class='ocrx_word' id='word_1_204' title='bbox 1041 3068 1072 3124; x_wconf 90' lang='lat' dir='ltr'>in</span> <span class='ocrx_word' id='word_1_205' title='bbox 1085 3070 1146 3128; x_wconf 84' lang='lat' dir='ltr'>aiiis</span> <span class='ocrx_word' id='word_1_206' title='bbox 1165 3073 1263 3129; x_wconf 81' lang='lat' dir='ltr'>crimi-</span> 
     </span>
     <span class='ocr_line' id='line_1_25' title="bbox 297 3166 1260 3252; baseline 0.007 -27"><span class='ocrx_word' id='word_1_207' title='bbox 297 3170 403 3238; x_wconf 82' lang='lat' dir='ltr'>nibus,</span> <span class='ocrx_word' id='word_1_208' title='bbox 422 3168 479 3224; x_wconf 90' lang='lat' dir='ltr'>nisi</span> <span class='ocrx_word' id='word_1_209' title='bbox 493 3166 650 3223; x_wconf 84' lang='lat' dir='ltr'>maiestatis</span> <span class='ocrx_word' id='word_1_210' title='bbox 669 3178 698 3222; x_wconf 89' lang='lat' dir='ltr'>et</span> <span class='ocrx_word' id='word_1_211' title='bbox 714 3167 938 3244; x_wconf 88' lang='lat' dir='ltr'>perduellionis,</span> <span class='ocrx_word' id='word_1_212' title='bbox 963 3183 993 3228; x_wconf 88' lang='lat' dir='ltr'>et</span> <span class='ocrx_word' id='word_1_213' title='bbox 1014 3192 1050 3229; x_wconf 88' lang='lat' dir='ltr'>ne</span> <span class='ocrx_word' id='word_1_214' title='bbox 1066 3185 1127 3231; x_wconf 90' lang='lat' dir='ltr'>tum</span> <span class='ocrx_word' id='word_1_215' title='bbox 1143 3177 1260 3252; x_wconf 89' lang='lat' dir='ltr'>quidem</span> 
     </span>
     <span class='ocr_line' id='line_1_26' title="bbox 296 3269 1263 3352; baseline 0.003 -22"><span class='ocrx_word' id='word_1_216' title='bbox 296 3273 353 3331; x_wconf 84' lang='lat' dir='ltr'>nisi</span> <span class='ocrx_word' id='word_1_217' title='bbox 374 3271 492 3331; x_wconf 88' lang='lat' dir='ltr'>iubente</span> <span class='ocrx_word' id='word_1_218' title='bbox 523 3269 678 3328; x_wconf 89' lang='lat' dir='ltr'>Plebisoito</span> <span class='ocrx_word' id='word_1_219' title='bbox 714 3272 863 3350; x_wconf 85' lang='lat' dir='ltr'>reperiri,</span> <span class='ocrx_word' id='word_1_220' title='bbox 890 3274 1152 3331; x_wconf 77' lang='lat' dir='ltr'>animadvertiturz</span> <span class='ocrx_word' id='word_1_221' title='bbox 1188 3298 1263 3352; x_wconf 82' lang='lat' dir='ltr'>que-</span> 
     </span>
     <span class='ocr_line' id='line_1_27' title="bbox 293 3375 1259 3453; baseline 0.004 -21"><span class='ocrx_word' id='word_1_222' title='bbox 293 3395 327 3432; x_wconf 85' lang='lat' dir='ltr'>re</span> <span class='ocrx_word' id='word_1_223' title='bbox 351 3377 443 3452; x_wconf 78' lang='lat' dir='ltr'>magis</span> <span class='ocrx_word' id='word_1_224' title='bbox 465 3375 618 3432; x_wconf 81' lang='lat' dir='ltr'>verisimile</span> <span class='ocrx_word' id='word_1_225' title='bbox 641 3388 686 3434; x_wconf 85' lang='lat' dir='ltr'>est</span> <span class='ocrx_word' id='word_1_226' title='bbox 718 3397 785 3433; x_wconf 89' lang='lat' dir='ltr'>cum</span> <span class='ocrx_word' id='word_1_227' title='bbox 812 3377 875 3433; x_wconf 80' lang='lat' dir='ltr'>viro</span> <span class='ocrx_word' id='word_1_228' title='bbox 897 3375 944 3434; x_wconf 83' lang='lat' dir='ltr'>illo</span> <span class='ocrx_word' id='word_1_229' title='bbox 975 3379 1092 3453; x_wconf 82' lang='lat' dir='ltr'>egregio</span> <span class='ocrx_word' id='word_1_230' title='bbox 1113 3390 1259 3451; x_wconf 82' lang='lat' dir='ltr'>statuere,</span> 
     </span>
     <span class='ocr_line' id='line_1_28' title="bbox 296 3481 1262 3551; baseline 0.003 -13"><span class='ocrx_word' id='word_1_231' title='bbox 296 3483 497 3538; x_wconf 68' lang='lat' dir='ltr'>Turonorum</span> <span class='ocrx_word' id='word_1_232' title='bbox 520 3481 630 3549; x_wconf 84' lang='lat' dir='ltr'>istam,</span> <span class='ocrx_word' id='word_1_233' title='bbox 664 3500 724 3536; x_wconf 90' lang='lat' dir='ltr'>non</span> <span class='ocrx_word' id='word_1_234' title='bbox 755 3482 831 3538; x_wconf 84' lang='lat' dir='ltr'>inter</span> <span class='ocrx_word' id='word_1_235' title='bbox 853 3483 1056 3551; x_wconf 83' lang='lat' dir='ltr'>Plataeenses‚</span> <span class='ocrx_word' id='word_1_236' title='bbox 1084 3482 1146 3538; x_wconf 88' lang='lat' dir='ltr'>iure</span> <span class='ocrx_word' id='word_1_237' title='bbox 1169 3482 1262 3541; x_wconf 80' lang='lat' dir='ltr'>Athe·</span> 
     </span>
     <span class='ocr_line' id='line_1_29' title="bbox 295 3582 1260 3657; baseline 0.004 -13"><span class='ocrx_word' id='word_1_238' title='bbox 295 3587 439 3645; x_wconf 87' lang='lat' dir='ltr'>niensium</span> <span class='ocrx_word' id='word_1_239' title='bbox 454 3582 594 3654; x_wconf 83' lang='lat' dir='ltr'>donatos,</span> <span class='ocrx_word' id='word_1_240' title='bbox 616 3584 721 3657; x_wconf 82' lang='lat' dir='ltr'>fuisse,</span> <span class='ocrx_word' id='word_1_241' title='bbox 744 3587 797 3644; x_wconf 88' lang='lat' dir='ltr'>sed</span> <span class='ocrx_word' id='word_1_242' title='bbox 813 3606 959 3645; x_wconf 89' lang='lat' dir='ltr'>enumero</span> <span class='ocrx_word' id='word_1_243' title='bbox 976 3585 1186 3646; x_wconf 84' lang='lat' dir='ltr'>Plataeensium</span> <span class='ocrx_word' id='word_1_244' title='bbox 1200 3592 1260 3648; x_wconf 90' lang='lat' dir='ltr'>Bo-</span> 
     </span>
     <span class='ocr_line' id='line_1_30' title="bbox 299 3691 1259 3769; baseline 0.001 -19"><span class='ocrx_word' id='word_1_245' title='bbox 299 3692 460 3751; x_wconf 85' lang='lat' dir='ltr'>oetiorum:</span> <span class='ocrx_word' id='word_1_246' title='bbox 481 3707 577 3766; x_wconf 88' lang='lat' dir='ltr'>neque</span> <span class='ocrx_word' id='word_1_247' title='bbox 592 3708 693 3747; x_wconf 88' lang='lat' dir='ltr'>omnes</span> <span class='ocrx_word' id='word_1_248' title='bbox 707 3691 762 3748; x_wconf 88' lang='lat' dir='ltr'>hoc</span> <span class='ocrx_word' id='word_1_249' title='bbox 778 3693 894 3769; x_wconf 81' lang='lat' dir='ltr'>gavisos</span> <span class='ocrx_word' id='word_1_250' title='bbox 908 3710 971 3748; x_wconf 90' lang='lat' dir='ltr'>esse</span> <span class='ocrx_word' id='word_1_251' title='bbox 988 3692 1050 3749; x_wconf 88' lang='lat' dir='ltr'>iure</span> <span class='ocrx_word' id='word_1_252' title='bbox 1076 3711 1111 3749; x_wconf 83' lang='lat' dir='ltr'>ex</span> <span class='ocrx_word' id='word_1_253' title='bbox 1132 3695 1213 3751; x_wconf 75' lang='lat' dir='ltr'>Dese.</span> <span class='ocrx_word' id='word_1_254' title='bbox 1229 3696 1259 3751; x_wconf 88' lang='lat' dir='ltr'>in</span> 
     </span>
    </p>
   </div>
   <div class='ocr_carea' id='block_1_5' title="bbox 290 3856 649 3876">
    <p class='ocr_par' dir='ltr' id='par_1_5' title="bbox 290 3856 649 3876">
     <span class='ocr_line' id='line_1_31' title="bbox 290 3856 649 3876; baseline -0.003 -2"><span class='ocrx_word' id='word_1_255' title='bbox 290 3856 649 3876; x_wconf 59' lang='lat' dir='ltr'>W*-</span> 
     </span>
    </p>
   </div>
   <div class='ocr_carea' id='block_1_6' title="bbox 296 3942 1260 4299">
    <p class='ocr_par' dir='ltr' id='par_1_6' title="bbox 296 3942 1260 4299">
     <span class='ocr_line' id='line_1_32' title="bbox 303 3942 1258 4039; baseline -0.023 -5"><span class='ocrx_word' id='word_1_256' title='bbox 303 3942 306 4039; x_wconf 37' lang='grc' dir='ltr'>ἶ</span> <span class='ocrx_word' id='word_1_257' title='bbox 332 3968 375 4033; x_wconf 79' lang='grc' dir='ltr'>(Ῑ)</span> <span class='ocrx_word' id='word_1_258' title='bbox 396 3963 455 4019; x_wconf 65' lang='lat' dir='ltr'>iid·</span> <span class='ocrx_word' id='word_1_259' title='bbox 478 3962 553 4015; x_wconf 70' lang='lat'><strong>⁰0⁰2·</strong></span> <span class='ocrx_word' id='word_1_260' title='bbox 581 3958 674 4013; x_wconf 71' lang='grc' dir='ltr'><strong>ΜΘΗ·</strong></span> <span class='ocrx_word' id='word_1_261' title='bbox 701 3967 766 4019; x_wconf 81' lang='lat' dir='ltr'>diss.</span> <span class='ocrx_word' id='word_1_262' title='bbox 784 3966 802 4018; x_wconf 90' lang='lat' dir='ltr'>l.</span> <span class='ocrx_word' id='word_1_263' title='bbox 828 3983 852 4033; x_wconf 81' lang='lat' dir='ltr'>p.</span> <span class='ocrx_word' id='word_1_264' title='bbox 870 3967 912 4020; x_wconf 80' lang='lat'>27.</span> <span class='ocrx_word' id='word_1_265' title='bbox 938 3974 964 4016; x_wconf 80' lang='lat' dir='ltr'>et</span> <span class='ocrx_word' id='word_1_266' title='bbox 989 3965 1126 4035; x_wconf 83' lang='lat' dir='ltr'>scriptores</span> <span class='ocrx_word' id='word_1_267' title='bbox 1147 3960 1186 4017; x_wconf 80' lang='lat' dir='ltr'>ibi</span> <span class='ocrx_word' id='word_1_268' title='bbox 1202 3959 1258 4014; x_wconf 83' lang='lat' dir='ltr'>eoi-</span> 
     </span>
     <span class='ocr_line' id='line_1_33' title="bbox 296 4054 1256 4211; baseline -0.018 -5"><span class='ocrx_word' id='word_1_269' title='bbox 296 4054 376 4207; x_wconf 51' lang='lat' dir='ltr'>hig)</span> <span class='ocrx_word' id='word_1_270' title='bbox 396 4136 456 4190; x_wconf 61' lang='lat' dir='ltr'>VII·</span> <span class='ocrx_word' id='word_1_271' title='bbox 477 4135 646 4204; x_wconf 53' lang='lat' dir='ltr'>3¹⁰²&amp;st</span> <span class='ocrx_word' id='word_1_272' title='bbox 675 4140 759 4194; x_wconf 64' lang='lat' dir='ltr'>Olint-</span> <span class='ocrx_word' id='word_1_273' title='bbox 777 4138 810 4191; x_wconf 79' lang='lat' dir='ltr'>F·</span> <span class='ocrx_word' id='word_1_274' title='bbox 830 4140 870 4198; x_wconf 84' lang='grc' dir='ltr'>Η.</span> <span class='ocrx_word' id='word_1_275' title='bbox 897 4160 921 4211; x_wconf 78' lang='lat' dir='ltr'>p.</span> <span class='ocrx_word' id='word_1_276' title='bbox 941 4146 998 4201; x_wconf 82' lang='lat'>105.</span> <span class='ocrx_word' id='word_1_277' title='bbox 1033 4140 1154 4196; x_wconf 65' lang='grc' dir='ltr'><strong>Μαίη.</strong></span> <span class='ocrx_word' id='word_1_278' title='bbox 1171 4142 1204 4194; x_wconf 84' lang='lat' dir='ltr'>de</span> <span class='ocrx_word' id='word_1_279' title='bbox 1223 4139 1256 4196; x_wconf 88' lang='lat' dir='ltr'>B.</span> 
     </span>
     <span class='ocr_line' id='line_1_34' title="bbox 296 4225 1260 4299; baseline -0.007 -16"><span class='ocrx_word' id='word_1_280' title='bbox 296 4231 429 4299; x_wconf 79' lang='lat' dir='ltr'>D.p.53.</span> <span class='ocrx_word' id='word_1_281' title='bbox 464 4225 675 4285; x_wconf 82' lang='lat' dir='ltr'>Hoelsoher.</span> <span class='ocrx_word' id='word_1_282' title='bbox 693 4229 709 4283; x_wconf 88' lang='grc' dir='ltr'>Ι.</span> <span class='ocrx_word' id='word_1_283' title='bbox 728 4228 748 4285; x_wconf 87' lang='grc' dir='ltr'>Ι.</span> <span class='ocrx_word' id='word_1_284' title='bbox 766 4232 844 4297; x_wconf 65' lang='lat' dir='ltr'>pii.</span> <span class='ocrx_word' id='word_1_285' title='bbox 1258 4229 1260 4235; x_wconf 87' lang='lat'>&#39;</span> 
     </span>
    </p>
   </div>
   <div class='ocr_carea' id='block_1_7' title="bbox 0 0 1488 5092">
    <p class='ocr_par' dir='ltr' id='par_1_7' title="bbox 0 0 1488 5092">
     <span class='ocr_line' id='line_1_35' title="bbox 0 0 1488 5092; baseline 0 8"><span class='ocrx_word' id='word_1_286' title='bbox 0 0 1488 5092; x_wconf 95' lang='lat' dir='ltr'> </span> 
     </span>
    </p>
   </div>
   <div class='ocr_carea' id='block_1_8' title="bbox 1469 3702 1481 3951">
    <p class='ocr_par' dir='ltr' id='par_1_8' title="bbox 1469 3518 1481 3951">
     <span class='ocr_line' id='line_1_36' title="bbox 1469 3702 1481 3951; baseline 0 0"><span class='ocrx_word' id='word_1_287' title='bbox 1469 3702 1481 3951; x_wconf 80' lang='lat' dir='ltr'>t</span> 
     </span>
    </p>
   </div>
  </div>
 </body>
</html>
