2967 5092
811 562 855 628 32

396 747 527 820 Quorum
552 745 724 804 delictorum
746 740 892 804 iam'ante
915 742 1144 823 Triginta-viros
1167 753 1324 802 accusatus

357 864 387 909 et
404 854 436 909 iu
453 853 594 909 iudicium
617 851 780 922 deductus,
809 851 963 928 quominus
987 869 1112 929 poenam
1135 848 1234 917 daret,
1261 848 1326 904 Ps-

357 973 530 1012 uuoomnrs
552 955 734 1034 psephisma,
755 956 914 1034 paullulum
925 968 996 1011 ¹aute
1010 955 1137 1012 Athenas
1153 975 1170 1009 a
1194 957 1324 1009 Lusus-

357 1076 423 1114 nuo
441 1071 558 1139 captas,
578 1059 669 1116 latum
681 1057 848 1136 prohibuit,
878 1072 911 1117 ut
928 1079 1017 1136 supra
1032 1059 1258 1137 disputavimus.

393 1165 493 1240 Ipsius
515 1164 646 1221 Actionis
667 1174 837 1238 argumenta
858 1162 918 1218 fere
936 1162 1054 1230 eadem,
1087 1162 1210 1237 quaein
1230 1158 1325 1239 priori

356 1280 458 1345 parte,
480 1268 553 1344 ipsis
567 1270 688 1324 Lusus
702 1268 803 1325 verbis
824 1265 865 1342 (ξ.
879 1265 913 1336 ll)
930 1266 1012 1322 citari
1028 1279 1171 1343 possunt:

395 1373 511 1448 πρῶτον
527 1370 582 1445 μὲν
595 1373 719 1449 τέτταρα
734 1371 786 1444 ἔτη
799 1370 972 1446 ἀνέγραψεν,
992 1369 1058 1433 ἐξὸν
1072 1372 1152 1450 αὐτῷ
1167 1376 1325 1449 τριάκοντα

471 1474 584 1553 ἡμερῶν
599 1476 809 1554 ἀπαλλαγῆναι.

393 1579 497 1636 ἔπειτα
513 1580 705 1657 διωρισμένον
725 1580 756 1642 ἐξ
770 1567 810 1635 ὧν
831 1579 891 1636 ἔδει
912 1579 1103 1657 ἀναγράφειν,
1125 1576 1216 1638 οὗτοι
1232 1582 1322 1639 ἁπάν-

471 1706 528 1740 των
541 1688 646 1761 κύριον
657 1685 805 1756 ἐποίησιν,

394 1793 445 1846 καὶ
462 1828 507 1847 ...
520 1791 611 1864 μόνος
625 1780 712 1854 οὗτος
726 1791 786 1846 τῶν
800 1788 945 1865 ἀρξόντων
956 1789 1091 1855 εὐθύνας
1109 1790 1164 1847 οὐκ
1182 1788 1299 1847 ἔδωκεν.

360 1906 364 1931 ³
394 1915 425 1953 o.
452 1894 603 1971 largitione
627 1905 658 1950 et
680 1893 752 1952 luxu
775 1893 894 1967 effecit,
924 1906 957 1952 ut
983 1915 1067 1953 saera
1096 1895 1190 1973 patria
1226 1892 1328 1951 ἄθυτα

356 2000 363 2007 “
432 1999 617 2056 mansissent.
652 2000 816 2074 Μάρτυρες.

355 2098 366 2115 ’
387 2084 421 2161 d.
449 2102 485 2159 de
498 2101 610 2159 aerario
626 2099 705 2159 furto
721 2101 811 2159 multa
826 2101 958 2161 abstulit.

396 2209 477 2264 Haec
492 2207 587 2277 actio,
606 2204 660 2262 ubi
676 2207 714 2264 sit
730 2207 878 2277 instituta,
899 2208 977 2266 haud
992 2206 1113 2267 dubium
1129 2225 1195 2264 esse
1206 2217 1326 2283 potest:

357 2312 536 2371 totiusenim
551 2311 730 2387 quaestionis
737 2324 827 2389 caput
835 2313 866 2369 iu
880 2332 933 2383 eo,
954 2313 1034 2387 quod
1045 2332 1113 2368 reus
1127 2312 1255 2367 rationes
1265 2331 1326 2368 uon

358 2416 535 2475 reddidisset
561 2415 628 2488 (l),
654 2429 812 2475 versaturz
842 2436 965 2493 quarum
995 2414 1143 2471 actionum
1171 2413 1327 2491 ἠγεμονίαν

359 2523 551 2597 δικαστηρίου
566 2520 703 2596 Logistae
718 2519 879 2577 habebant.
899 2521 938 2577 cs.
954 2522 1058 2576 urar.
1074 2502 1187 2577 Anecdss
1203 2522 1236 2590 I,
1256 2519 1327 2579 309.

357 2614 559 2698 Quorumdam
573 2625 744 2681 sententiam
762 2624 983 2680 meoniorum
1009 2627 1192 2690 καταλύσεως
1207 2630 1259 2681 τοῦ
1275 2625 1326 2696 δή·

356 2752 429 2815 μου,
451 2749 522 2806 quas
535 2731 664 2787 actiones
675 2725 898 2785 Thesmothetae
910 2727 957 2798 (2)
973 2725 1216 2799 introducebant,
1236 2749 1329 2786 aecu-

359 2845 454 2917 satum
477 2834 594 2903 fuisse,
624 2832 741 2889 minime
766 2832 998 2903 admittendam,
1031 2833 1090 2887 iam
1115 2852 1205 2910 supra
1234 2853 1267 2910 p.
1286 2833 1327 2894 25

357 2939 594 2998 memoravimus.
631 2939 701 3016 Ipsa
723 2937 819 3006 aetio,
848 2938 989 3013 qusquis
1013 2956 1113 3007 reum,
1134 2938 1185 3011 qui
1197 2939 1326 2996 rationes

358 3063 418 3102 nou
432 3042 621 3114 reddidisset,
641 3041 779 3120 petebat,
799 3042 867 3114 δίκη
881 3042 942 3098 siue
965 3043 1059 3120 γραφή
1073 3041 1193 3120 dloylou
1206 3044 1328 3101 diceba-

354 3158 424 3216 ἴοις
446 3164 534 3224 quam
556 3147 680 3205 actionis
698 3146 986 3223 formam'publieam
1003 3148 1110 3218 fuisse,
1131 3170 1216 3207 neruo
1234 3148 1324 3205 dubi-

357 3252 444 3321 tarit,
473 3271 647 3328 quamquam
668 3272 685 3307 a
709 3250 913 3308 Grammaticis
935 3252 1004 3323 δίκη
1032 3251 1205 3329 appellatur.
1252 3251 1327 3307 Satis

360 3344 439 3413 enim
462 3369 581 3428 notum,
609 3376 646 3413 eo
670 3374 758 3412 seusu
782 3356 867 3428 δίκην
894 3377 953 3414 non
980 3357 1065 3412 modo
1082 3354 1117 3410 de
1133 3354 1255 3429 privatis
1274 3354 1327 3411 sed

358 3462 448 3519 etiam
470 3460 508 3519 de
537 3461 663 3539 publicis
685 3460 843 3523 accusandi
875 3461 975 3518 formis
1000 3459 1082 3515 dici:
1111 3458 1204 3534 γραφή
1229 3470 1326 3515 autem

355 3584 507 3642 uunquam
543 3565 580 3621 de
611 3547 734 3643 privatis
762 3577 922 3641 usurpatur
946 3559 1138 3632 actionibus,
1167 3573 1201 3618 ut
1228 3564 1326 3620 Pons.

360 3669 455 3739 vlu,
476 3668 525 3726 tl.
549 3681 692 3729 testatur:
716 3669 877 3727 ἐκαλοῦντο
900 3669 953 3746 γὰρ
977 3668 1009 3724 ot
1032 3670 1139 3744 γραφαὶ
1155 3672 1206 3725 καὶ
1227 3650 1327 3734 diuus,

360 3862 667 3885 -1-——1-

359 3966 365 3977 ’
396 3993 439 4061 (ι)
458 3991 599 4053 uerri„
616 3996 635 4047 r.
653 3996 670 4049 r.
690 4015 713 4063 ρ.
733 3999 791 4051 au.

392 4084 435 4149 (2)
454 4080 695 4141 PlatuerProe.
713 4086 757 4151 ll,
775 4088 800 4140 2.
835 4080 953 4138 Maior.
980 4081 1172 4137 etSehoem.
1196 4077 1226 4131 de
1253 4080 1321 4132 Lite

363 4172 429 4226 Art.
445 4190 470 4242 p.
490 4176 549 4229 159.
