2967 5092
537 954 824 1049 lNTROITUS.

584 1238 772 1266 -q‘llssfl—

198 1426 303 1530 Nulla
319 1467 494 1524 Athenarum
510 1481 588 1526 aetas
606 1471 686 1526 omni
706 1472 890 1547 ingeniorum
912 1491 946 1525 ac
964 1466 1162 1525 doctrinaruirl

198 1573 282 1630 laude
299 1586 358 1629 tam
375 1572 523 1642 excelluit,
544 1573 621 1630 nulla
648 1576 778 1632 virorum
796 1575 1048 1632 celeberrimorum
1065 1572 1165 1628 nomi-

199 1677 286 1734 nibus
301 1689 359 1732 tam
374 1676 551 1746 abundavit,
571 1686 657 1752 quani
670 1699 706 1735 ea
727 1686 800 1755 qu'ae
812 1677 919 1735 bellum
937 1673 1164 1753 Peloponnesia-

206 1796 271 1838 cum
286 1780 444 1858 paullulum
459 1784 614 1839 antecessit
630 1797 728 1854 aetas,
749 1796 778 1839 ct
800 1804 833 1839 ea
844 1803 898 1860 per
915 1802 1002 1856 quam
1017 1781 1087 1837 illud
1098 1765 1165 1836 bel-²

200 1885 260 1941 lum
280 1894 394 1960 gestum
419 1896 474 1939 est.
512 1884 684 1941 Omittamus
716 1872 856 1960 Tragicos
872 1886 1088 1952 Asscusnust,
1110 1882 1168 1939 So-

199 2005 353 2046 ruocnnsr
367 1997 396 2042 et
410 1988 546 2044 scenicum
560 1987 639 2044 illum
646 1986 871 2063 Philosophum,
887 1990 1079 2045 an1r1ns1u
1087 2031 1096 2058 ,
1116 1980 1168 2062 qui

201 2112 309 2149 novum
323 2090 487 2166 tragoediae
498 2092 618 2167 protlrlit
633 2107 743 2168 genus,
762 2093 840 2168 quod
851 2089 999 2150 doctrinae
1014 2098 1168 2170 praestan-

200 2198 257 2266 tla,
279 2195 541 2272 sententiarumque
560 2196 700 2272 gravitate
717 2208 762 2251 est
786 2196 920 2272 plenum,
936 2194 1078 2274 ¹quodque
1099 2217 1168 2253 cum

204 2300 342 2357 suavitate
356 2297 497 2367 delectat,
517 2303 580 2354 lu'rn
592 2299 754 2357 rationibus
770 2299 808 2354 ad
818 2301 933 2357 virtutis
949 2302 1076 2358 studium
1096 2307 1169 2359 con-

200 2404 288 2461 vertit
311 2403 382 2475 (l):
410 2403 559 2458 Comicum
577 2404 855 2472 Amssornasan,
885 2405 1077 2461 Historiarum
1094 2388 1168 2462 scri-

200 2520 301 2586 ptores
320 2507 521 2560 Hsuoooruiu
536 2514 565 2558 et
589 2504 828 2574 Tricesimum,
863 2509 986 2580 quorum
1011 2507 1082 2562 alter
1106 2508 1168 2563 sine

202 2611 268 2666 ullis
293 2608 430 2676 salebris,
458 2606 541 2680 quasi
566 2605 683 2663 sedatus
706 2600 797 2666 amnis
823 2609 905 2680 fluit,
933 2611 1004 2666 alter
1022 2611 1172 2668 incitatior

203 2716 295 2773 fertur
309 2725 338 2769 et
354 2713 390 2768 de
406 2710 516 2767 bellicis
544 2711 635 2767 rebus
661 2714 737 2768 canit
762 2713 849 2769 etiam
869 2714 1083 2789 quodammodo
1104 2714 1172 2771 bel-³

203 2821 289 2877 licum
315 2816 381 2890 (2),
413 2817 674 2887 Xsuoruosrnn,
699 2817 807 2873 clarum
830 2817 909 2873 illum
932 2818 1082 2874 socnam
1108 2818 1171 2875 dis:

203 2923 349 3000 cipulurn:
378 2919 567 2994 Philosophos
587 2920 691 2987 etiam,
721 2921 770 2993 qui
792 2919 846 2974 bac
871 2921 1032 2976 floruerunt
1051 2933 1169 2991 aetate,

202 3027 386 3092 Socaarmr,
409 3025 598 3087 Psarossn,
625 3030 783 3094 eorumque
805 3021 966 3098 discipulos
986 3026 1172 3101 praetermit-

202 3133 315 3187 lamus:
342 3125 393 3183 sed
409 3136 508 3203 prater
524 3122 576 3178 hos
584 3121 729 3198 peculiare
750 3124 898 3180 doctrinae
914 3114 1042 3183 studium
1052 3119 1175 3186 Athenis

203 3237 260 3292 boc
276 3246 406 3309 tempore
423 3240 451 3284 et
467 3226 562 3284 ortum
576 3239 621 3283 est
639 3239 668 3283 et
679 3228 716 3283 ad
734 3250 878 3286 summum
896 3231 1084 3306 perlectionis
1103 3253 1174 3309 gra-

203 3337 273 3393 dum
288 3318 448 3412 pervenit,
476 3332 669 3407 eloquentiam
688 3331 773 3389 dico:
806 3354 823 3387 u
839 3333 894 3391 hoc
912 3335 988 3392 euim
1014 3332 1171 3394 studirlm'’¹

203 3453 278 3498 teste
295 3443 476 3507 thsnoss,
498 3459 582 3494 »non
596 3450 659 3493 erat
676 3457 827 3494 commune
845 3440 1004 3511 Graeciae,
1026 3443 1078 3499 sed
1098 3464 1172 3519 pro-

204 3550 300 3623 prium
329 3545 525 3602 Athenarum:
555 3543 618 3617 quis
650 3543 725 3597 enim
754 3557 805 3599 aut
838 3547 978 3619 Argivum
1008 3554 1172 3612 oratorem,

205 3662 255 3706 aut
279 3648 457 3704 Corinthium
481 3659 531 3702 aut
553 3645 724 3703 Thebanum
746 3648 799 3703 scit
825 3648 912 3703 fuisse
933 3649 1115 3725 temporibus
1138 3651 1176 3707 il-

206 3753 241 3809 lis
263 3749 309 3822 (3)
322 3755 334 3804 i
347 3759 366 3783 ’²

239 4016 281 4084 (l)
303 4014 479 4082 Wyttenb.
498 4016 574 4070 Bibl.
596 4016 665 4068 cria.
692 4013 813 4082 parth.
834 4032 858 4080 p.
872 4016 914 4065 lo.-

241 4105 283 4173 (2)
301 4101 368 4155 Cic.
386 4111 463 4155 orat.
483 4120 536 4169 cap.
550 4105 581 4155 12
601 4105 627 4157 in
645 4103 705 4161 fine,

240 4193 281 4260 (3)
299 4190 367 4243 Gir.
386 4196 468 4243 Brut.
487 4209 543 4257 cap.
559 4195 602 4243 13:
