2967 5092
808 526 832 597 8

331 712 412 794 fungi
427 713 589 787 videretur,
602 705 687 776 tno'do
700 719 755 776 hoe
775 737 809 774 eo
826 730 855 773 se
871 721 1012 794 attingere
1023 717 1160 785 consilio,
1177 737 1216 771 ne
1235 722 1312 774 re'u‘s'

330 844 366 881 er
381 823 472 900 priori
485 822 561 889 vita,
580 821 660 894 quod
674 821 730 877 sub
756 822 1035 895 Triginta-virorum
1052 822 1202 877 dominatu
1220 822 1312 878 exsul

330 929 440 994 fuerat,
459 924 675 980 exeusationem
691 938 860 998 expromat,
881 926 987 983 Orator
996 926 1022 1000 ξ
1035 926 1069 984 15
1089 927 1214 981 fatetur‘
1237 925 1313 1002 plna

329 1031 435 1086 rimam
445 1029 539 1097 enim,
560 1027 657 1098 addit,
675 1028 747 1084 istos
762 1028 977 1084 timendosesse
990 1029 1137 1097 homines,
1157 1027 1224 1102 qui,
1247 1050 1313 1104 po-

330 1135 443 1212 pularis
459 1130 576 1209 imperii
595 1132 690 1187 eversi
707 1143 859 1201 auctores,
879 1133 1010 1188 restituta
1026 1132 1159 1188 libertate
1176 1134 1310 1206 dauon-

330 1242 402 1302 uoa're
417 1238 438 1294 i.
457 1257 483 1293 e.
504 1236 707 1294 Democratiae
722 1237 855 1291 faventes
879 1256 908 1291 se
935 1252 1011 1291 esse>
1026 1236 1230 1310 gloriarentur.
1273 1240 1312 1292 Iu

304 1376 308 1381 —
334 1341 440 1399 horum
461 1359 582 1396 numero
608 1360 671 1397 esse
690 1360 790 1411 reum,
813 1341 903 1395 vitam
918 1342 980 1396 eius
1002 1339 1149 1418 publicam
1173 1359 1210 1394 eo
1226 1352 1310 1394 tem·-

329 1445 413 1524 poris
431 1444 526 1520 spatio
546 1464 603 1519 quo
625 1447 780 1520 optimates
798 1445 906 1500 formae
924 1444 1039 1520 imperii
1054 1443 1208 1499 mutandae
1229 1460 1310 1499 eon-

332 1549 426 1606 silium
455 1558 614 1624 ceperunt,
641 1548 786 1605 narrando
810 1565 985 1623 percurrens
1013 1569 1030 1604 a
1055 1547 1081 1623 ξ.
1096 1547 1222 1606 10-15
1251 1547 1305 1603 dea

331 1661 473 1706 monstrat
491 1663 584 1708 actor.

370 1755 441 1811 Post
457 1755 567 1812 cladem
583 1775 687 1830 nempe
703 1756 783 1831 apud
801 1756 896 1832 Aegos
916 1760 1049 1815 Potamos
1062 1790 1102 1803 -
1115 1756 1310 1829 ἀπολομένων

332 1859 390 1914 τῶν
404 1860 476 1914 νεῶν
492 1885 521 1900 -
548 1860 717 1914 Cnrornor
740 1872 872 1917 senatum
890 1861 1080 1937 obiurgabat,
1100 1878 1152 1918 eos
1168 1862 1308 1918 Civ'i'tatis

330 1976 380 2019 re's
395 1962 560 2037 negligere,
583 1972 613 2016 et
634 1981 699 2017 cum
722 1961 789 2031 illis,
814 1965 864 2036 qui
881 1965 996 2041 imperii
1017 1967 1138 2022 formam
1163 1978 1309 2022 mutatam

331 2065 455 2135 vellent,
477 2065 662 2141 conspirare,
685 2078 864 2142 quapropter
884 2069 1021 2143 Satyrus,
1050 2070 1175 2125 utillum
1194 2072 1313 2128 iudicio*

328 2169 476 2226 traderent
502 2169 649 2236 vinetum,
679 2170 869 2226 Senatoribus
886 2172 1092 2247 persuadebat.
1122 2171 1309 2246 triantem,

331 2275 569 2330 Ganoruonamu
585 2270 711 2327 interfici
731 2273 897 2347 cupientes,
920 2287 949 2330 et
966 2295 1002 2330 ne
1019 2295 1084 2331 eum
1100 2277 1211 2333 iudices
1225 2300 1314 2335 mor-r

330 2379 369 2439 tis
385 2398 445 2434 nou
463 2376 702 2445 condemnarent,
723 2377 874 2448 timentes,
892 2379 1081 2435 Nrcootac'no
1096 2379 1163 2435 huic
1178 2399 1311 2454 persua-

332 2482 420 2551 dent,
441 2493 474 2538 ut
487 2481 580 2557 legem
600 2483 746 2558 proferret
760 2481 880 2553 fictam,
900 2503 936 2540 ex
954 2505 1009 2559 qna
1028 2484 1145 2540 Senatui
1165 2486 1315 2542 συνδικά-·

333 2588 395 2651 ζειν
411 2621 455 2643 -.
467 2608 524 2643 una
541 2607 608 2643 cum
622 2586 770 2642 iudicibus
786 2588 921 2662 suffragia
941 2590 1017 2645 serre
1031 2617 1066 2631 —
1081 2589 1195 2659 liceret,
1218 2606 1311 2665 qnam

333 2691 387 2749 iste
405 2692 524 2761 eodem,
546 2711 605 2765 quo
620 2689 760 2746 iudicium
775 2689 880 2760 fiebat,
903 2691 949 2746 die
970 2693 1100 2767 protulit.

373 2795 405 2855 si
420 2797 523 2872 igitur,
542 2795 639 2870 pergit
654 2795 761 2852 Orator
787 2793 873 2869 §1²1,
900 2793 956 2851 hoo
979 2807 1136 2871 praetexu,
1159 2817 1188 2853 se
1218 2800 1322 2873 douo-⁴

336 2902 423 2959 τικόν
451 2901 557 2968 fuisse,
587 2918 712 2976 poenam
738 2898 865 2972 effugere
889 2898 974 2968 velit,
1004 2900 1077 2971 hoe,
1097 2901 1231 2976 judiees,
1260 2921 1314 2959 rea·

335 3004 510 3072 eordemini,
539 3003 617 3059 illurn
644 3002 734 3059 rebus
757 3015 814 3058 tam
835 3003 985 3077 angustis,
1009 3004 1057 3060 tali
1076 3016 1224 3082 tempore,
1249 3028 1309 3082 quo

336 3108 452 3184 imperii
484 3108 575 3163 forma
604 3119 649 3163 est
687 3118 817 3177 mutata,
842 3105 934 3181 legem
961 3108 1141 3183 protulisse,
1172 3130 1229 3182 qua
1253 3130 1313 3165 no-⁵

337 3231 440 3266 varum
460 3229 558 3265 rerum
580 3222 731 3266 anctorum
755 3211 875 3284 gratiam
903 3211 959 3268 sibi
985 3213 1166 3279 conciliaret,
1187 3222 1216 3264 et
1237 3210 1308 3266 huic

339 3315 459 3372 Senatui
480 3334 539 3370 una
561 3333 627 3370 eum
659 3314 809 3371 iudicibus
832 3316 963 3390 suffragii
979 3316 1090 3372 ferendi
1113 3313 1226 3369 dedisse
1255 3335 1315 3369 ans

375 3633 417 3697 (l)
436 3631 475 3682 De
487 3649 537 3699 quo
547 3629 675 3699 imprimis
690 3631 740 3681 vid.
762 3630 884 3681 Andoe.
902 3631 934 3678 de
952 3627 1038 3692 Myrt·
1055 3628 1140 3694 att,
1158 3631 1308 3697 Xenoph.

339 3718 417 3774 Heu.
438 3719 460 3774 l.
478 3712 510 3785 7,
525 3723 573 3784 40,
599 3719 669 3786 [γε.
687 3723 717 3770 in
734 3720 821 3786 Ager.
839 3735 862 3780 p.
873 3719 920 3767 1¹51
939 3732 1015 3781 sqq.,
1042 3716 1161 3772 Aeseh.
1179 3723 1211 3771 de
1229 3722 1314 3774 Folo,

340 3811 410 3874 Leg-
426 3824 450 3874 p.
462 3809 532 3874 254,
548 3807 578 3857 de
594 3825 644 3875 quo
655 3806 747 3859 ultimo
756 3806 811 3857 loeo
823 3804 937 3869 disputat
956 3801 1050 3858 dloll.
1067 3808 1100 3857 de
1110 3808 1311 3873 Pangaeum}

342 3885 413 3946 Art.
430 3898 506 3947 cond.
525 3913 548 3962 p.
560 3897 594 3948 69
610 3914 648 3964 sq.
668 3896 695 3945 in
712 3911 793 3957 anm,
813 3891 859 3941 Me
870 3891 940 3955 ijer.
959 3895 991 3943 de
1011 3893 1081 3949 Bon.
1100 3899 1203 3947 Dama.
1218 3911 1243 3959 p.
1255 3893 1312 3946 21&

342 3999 370 4036 n.
379 3984 447 4047 211,
463 3993 489 4034 et
505 3986 645 4051 scriptores
661 3982 699 4033 ibi
714 3982 798 4033 citati.
1015 4033 1019 4038 ,

377 4069 416 4120 De
430 4070 522 4139 Satyro
540 4072 589 4126 vid.
607 4071 681 4123 Xon.
698 4071 776 4122 Hell.
795 4068 830 4122 ΙΙ.
848 4071 944 4135 3,22,
971 4069 1124 4122 Ultrieh·
1150 4071 1182 4120 de
1213 4070 1307 4121 Unda-

346 4160 467 4212 er'mvr'ris
485 4179 512 4229 p«
523 4161 587 4221 258,
606 4178 620 4211 e
636 4157 703 4211 libro
721 4160 753 4210 de
763 4159 897 4216 Liten'tt.
916 4179 940 4227 p.
951 4162 984 4213 69
994 4162 1021 4213 in
1034 4156 1167 4213 anumihi
1182 4156 1309 4225 cognitus·
