2967 5092
650 461 687 527 51

181 663 217 702 re
233 643 318 702 iubet
335 644 429 719 legem
443 642 549 700 Orator
563 643 619 699 ait:
644 642 669 714 d}
683 641 738 718 uis·
758 646 847 717 νόμος
873 637 960 707 οὗτός
981 644 1061 701 ἐστιν
1077 647 1154 722 Apei-

188 771 314 819 κοντος,
343 738 410 803 (id.
429 747 513 810 Did„
533 746 583 802 unt
606 746 636 802 oi
661 745 762 813 ἄλλοι,
790 749 877 812 ὅσους
900 748 933 803 ἑκ
959 749 1016 805 τῶν
1030 751 1159 820 φονικῶν

185 857 291 928 νόμων
317 851 556 927 παρεγραψάμην,
578 868 653 925 quae
676 852 700 908 si
719 872 820 909 revera
841 855 1004 910 Duscortrs
1028 865 1095 922 suut
1112 853 1157 910 le-

183 977 260 1035 ges,
281 955 451 1013 sententiam
469 954 562 1013 Prin.
575 954 606 1010 iu
625 954 666 1012 V.
685 955 785 1013 Solon.
805 977 836 1032 p.
852 955 903 1014 89.
919 956 1022 1013 cadere
1037 975 1156 1015 necesse

181 1072 254 1119 est:
275 1059 346 1116 dicit
360 1059 455 1115 enim:
475 1068 648 1135 propterea,
670 1060 905 1136 quodnunquam
919 1063 1048 1117 Dascnu
1065 1062 1159 1118 Areo-

183 1183 301 1242 pagum
308 1163 521 1232 memoraverit,
546 1181 641 1239 neque
652 1163 709 1221 ullo
720 1163 786 1221 loeo
800 1164 1027 1241 deAreopagitis
1040 1164 1072 1221 in
1081 1164 1154 1222 Dra·

183 1269 271 1326 conis
291 1266 419 1343 legibus¹
428 1267 537 1324 mentio
559 1265 628 1337 fiat,
655 1269 758 1324 Soron
772 1267 829 1324 hoe
855 1268 1012 1326 instituisse
1028 1267 1157 1326 tribunal

183 1374 330 1431 creditur.
368 1371 449 1429 Hanc
471 1372 642 1427 sententiam
667 1370 767 1427 falsam
788 1391 853 1427 esse
880 1391 915 1429 ex
937 1376 1001 1450 ipsa
1021 1372 1156 1428 Sonours
1263 1409 1265 1413 -

180 1477 282 1552 teges
299 1476 395 1530 Pnur.
413 1456 491 1549 pssssa
506 1475 609 1544 citata,
627 1474 787 1533 luculenter
797 1487 877 1552 patet
894 1477 954 1548 (l).
993 1476 1052 1539 Sed
1067 1497 1157 1553 quae-

182 1582 245 1639 stin
260 1581 291 1636 in
306 1599 340 1635 eo
355 1590 503 1642 versatur,
521 1590 619 1634 utrum
637 1583 808 1657 Areopagus
823 1593 888 1637 ante
904 1582 1053 1645 Sonoum
1070 1601 1157 1639 sena-

182 1697 237 1742 tus
252 1704 289 1739 an
316 1681 442 1739 tribunal
458 1681 622 1739 babendum
639 1683 690 1740 sit:
716 1703 790 1758 quae
810 1696 884 1753 tota,
907 1685 930 1739 si
946 1688 1158 1743 Drunsrunur

180 1787 397 1856 concedimus,
427 1785 572 1843 dirimitur
599 1787 754 1861 quaestio:
795 1806 862 1842 nam
890 1788 921 1843 in
947 1790 1040 1863 prima
1068 1790 1154 1848 huius

179 1894 269 1952 Orat.
284 1894 347 1969 lege
365 1912 397 1969 p.
413 1887 480 1949 627.
494 1909 554 1946 nnn
568 1888 655 1946 modo
679 1889 851 1966 Areopagus
875 1903 1072 1963 memoratur,
1101 1892 1155 1949 sed

180 1999 276 2054 etiam
292 1996 360 2053 huie
373 1992 613 2052 tribunatmuov
629 1994 776 2065 φονικῶν,
808 1994 904 2051 caedis
923 2014 1027 2072 nempe
1050 1995 1158 2053 volun·

180 2103 297 2172 tarius,
326 2099 455 2157 vulneris
482 2098 698 2174 praemeditati,
719 2098 845 2155 incendii
869 2113 898 2156 et
918 2099 1045 2155 veniticii
1066 2100 1156 2157 iuris-

181 2206 275 2263 dictio
297 2225 314 2260 a
346 2205 502 2262 nniconn
532 2201 722 2272 conceditur,
753 2223 840 2279 quam
868 2203 961 2278 legem
986 2205 1103 2259 Memfi.
1125 2214 1155 2259 et

181 2309 327 2364 Scuosnr.
345 2307 381 2364 de
398 2307 464 2366 Lite
481 2307 546 2365 Art.
565 2327 597 2384 p.
616 2306 661 2366 16.
691 2317 743 2363 aut
758 2306 918 2382 neglexisse
933 2317 984 2363 aut
999 2308 1084 2365 Dum.
1100 2326 1153 2363 sn·

180 2433 240 2490 pra
258 2424 416 2469 memorata
442 2413 534 2469 verba
549 2411 634 2488 parvi
652 2410 831 2471 existimasse
845 2409 995 2467 videntur.
1034 2411 1154 2467 Praete·

178 2536 232 2573 rea
248 2516 279 2572 iu
304 2515 432 2585 secunda
454 2515 541 2572 huius
565 2515 650 2573 Orat.
675 2512 747 2589 lege
767 2533 799 2588 p.
816 2511 884 2568 629.
910 2515 1013 2584 citata,
1041 2513 1151 2577 ἀξόνων

182 2620 295 2677 mentio
320 2617 377 2689 fit,
404 2631 437 2677 ut
462 2639 553 2699 supra
575 2616 855 2687 animadvertimus,
886 2617 993 2693 quibus
1018 2616 1152 2676 Souours

179 2733 265 2781 erant
279 2725 436 2802 inscriptae
453 2725 551 2801 leges,
567 2725 837 2781 Duaeortrsautem
853 2720 962 2797 ubique
976 2725 1151 2796 θεσμοίιιο-

180 2831 330 2886 minantur
345 2829 413 2904 (2):
436 2848 523 2904 quare
540 2830 661 2885 Mt'rrn.
678 2829 712 2883 de
724 2827 800 2885 sud.
819 2850 851 2904 p.
874 2825 927 2884 145
942 2838 972 2881 et
990 2825 1052 2883 148.
1068 2830 1149 2896 iure,

179 2933 212 2989 ni
228 2931 328 3001 fallor,
350 2931 466 3002 statuit,
486 2929 685 2988 Demosrnd.
701 2929 721 2984 1.
738 2950 799 2986 non
824 2931 893 2985 satis
913 2942 1047 2985 accurate
1065 2931 1149 2987 locu-

177 3049 244 3103 tum
265 3053 347 3104 esse,
378 3054 468 3108 quum
493 3052 609 3104 omnes,
629 3051 713 3108 quas
736 3032 847 3100 attulit,
877 3030 956 3105 leges
985 3036 1149 3105 Duacouls

179 3159 245 3198 esse
262 3140 355 3209 dicat,
377 3138 429 3195 sed
451 3138 522 3195 duas
543 3138 657 3214 priores
680 3135 797 3193 Souour
826 3134 995 3192 tribuendas
1018 3154 1082 3194 esse
1105 3137 1148 3192 le-

178 3266 246 3322 ges,
271 3264 356 3320 quam
370 3245 551 3298 Mimnnm
569 3244 739 3300 sententiam
756 3242 930 3299 niumm.
952 3240 1054 3318 Comp,
1071 3240 1149 3298 Ant.

182 3349 273 3426 Gr.§.
285 3349 348 3408 105.
367 3370 396 3405 u.
407 3347 436 3407 4.
454 3349 540 3404 tacite
550 3348 676 3423 probare
690 3348 825 3417 videtur,
847 3347 885 3402 cf.
904 3346 990 3400 ctiam
1006 3346 1147 3404 Scflotm.

178 3454 255 3511 Ant.
264 3453 299 3509 J.
313 3453 399 3511 Publ.
420 3453 473 3510 Gr.
495 3471 525 3526 p.
539 3448 602 3506 172.
622 3470 652 3506 n.
662 3450 690 3506 5.
727 3450 813 3507 Ratio
824 3461 936 3515 autem,
960 3467 1046 3523 quam
1060 3451 1148 3506 Doct.

188 3672 476 3690 m

213 3813 256 3878 (1)
275 3807 314 3860 Cf.
331 3825 409 3877 porro
427 3808 458 3859 de
474 3809 538 3859 Lite
556 3805 618 3858 Art.
635 3823 660 3874 p.
678 3762 718 3860 17.
747 3803 917 3858 Wtehsm·
938 3784 997 3861 l.⁴l.
1019 3800 1074 3857 vot
1085 3799 1108 3857 1.
1121 3803 1147 3855 1.

180 3899 341 4052 iiiitziadd
352 4001 393 4036 oe.
412 3987 447 4036 de
461 3983 548 4043 Mrsr.
566 3985 645 4050 p,39.
678 3980 810 4037 delion.
834 3986 862 4035 V
862 4002 903 4037 ar.
924 3981 1001 4033 Hirr.
1016 3944 1019 3949 >
1036 3979 1054 4036 1,
1072 3975 1147 4032 VIII.

181 4088 203 4124 e.
220 4075 261 4124 10.
299 4071 416 4130 [deors.
439 4072 533 4128 Solon.
552 4088 606 4141 cap.
624 4069 693 4126 xttt.
719 4087 744 4140 p.
766 4073 808 4126 45.

956 4178 995 4234 7¹.
