2967 5092
323 749 494 826 signabant,
517 750 542 807 si
563 759 661 807 autem
685 751 780 809 minos
805 751 898 806 iustae
924 750 1139 816 invenirentur,
1165 761 1217 811 aut
1237 751 1291 811 ali-

324 855 389 928 quis
414 863 565 911 accusator
589 855 739 926 existeret,
760 855 887 913 rationes
913 865 946 911 ut
970 853 1122 930 diligenter
1145 856 1292 919 examina-

320 967 389 1016 rent
400 965 594 1032 accurateque
610 971 779 1019 excuterent
800 958 943 1035 Euthynis
958 957 1213 1034 assessoribusque
1229 969 1294 1019 tra·

324 1060 487 1131 debentur;
509 1079 568 1137 quo
583 1062 661 1127 sarto
679 1083 762 1121 reum
776 1063 903 1120 rationes
928 1084 964 1120 ac
979 1063 1166 1122 defensiones
1182 1095 1222 1110 -
1238 1065 1292 1130 sii

324 1169 424 1231 θύνας
440 1166 560 1225 διδόναι
577 1200 617 1221 -.
630 1168 763 1244 prolerre
790 1185 909 1227 necesse
934 1176 1008 1224 erat,
1045 1167 1232 1227 Memoranda
1247 1180 1293 1228 est

316 1271 468 1345 sententia
484 1270 692 1331 Senonuaum
710 1272 785 1335 Ant,
804 1272 840 1330 J.
857 1270 944 1328 Publ.
965 1270 1066 1331 Graec.
1085 1292 1117 1346 p.
1135 1271 1203 1333 240.
1222 1272 1291 1335 n.2.

325 1375 474 1452 putantis,
493 1375 625 1453 inprimis
645 1376 786 1452 pecuniae
803 1374 1059 1431 administrationis
1076 1375 1203 1435 rationes
1228 1395 1292 1439 esso

326 1475 512 1546 reddendas,
539 1477 725 1553 reliquosque
748 1479 933 1553 magistratus
957 1477 1028 1537 nihil
1046 1479 1101 1537 nisi
1129 1478 1185 1537 hoc
1208 1490 1292 1546 reto-g

324 1580 395 1641 lisso
414 1583 463 1641 ὅτι
484 1581 550 1639 οὔτ’
575 1580 679 1654 ἔλαβον
702 1581 789 1640 οὐδὲν
809 1584 867 1640 τῶν
886 1586 936 1651 τῆς
957 1584 1069 1648 πόλεως
1094 1584 1131 1640 ori
1137 1590 1160 1640 ι’
1185 1583 1296 1655 ἀνήλωι·

327 1706 383 1750 our
393 1684 459 1759 (l);
480 1684 561 1761 quod
577 1685 657 1743 addit
667 1685 864 1744 Senones-ld.
882 1685 1046 1744 huiusmodi
1054 1706 1151 1747 rerum
1165 1700 1296 1752 acturum

326 1791 358 1849 in
374 1790 543 1866 magistratu
558 1790 698 1847 rationem
713 1810 772 1855 non
788 1791 979 1868 perscriptam
997 1790 1144 1866 nequead
1163 1792 1296 1868 Logistee

328 1895 472 1966 relatam,
500 1894 553 1953 sed
579 1904 640 1950 turn
662 1893 796 1965 demum,
827 1895 852 1952 si
881 1906 1035 1953 accusator
1059 1894 1232 1966 exstitisset,
1263 1894 1295 1960 in

333 1999 443 2061 iudicio
462 1997 607 2053 redditam
621 1997 728 2066 luisse,
749 1996 805 2054 hoc
817 1998 901 2074 ipso,
924 1998 1003 2073 quod
1013 2002 1126 2061 Aescu.
1138 1999 1158 2059 l.
1172 1999 1193 2059 l.
1208 1999 1295 2077 paul-

330 2100 422 2160 lulum
438 2110 505 2157 ante
529 2099 639 2157 dixerat
662 2122 693 2179 p.
710 2101 747 2159 56
761 2103 790 2158 in
802 2099 878 2171 fine,
900 2102 925 2158 si
942 2102 1006 2176 quis
1021 2114 1115 2174 esset,
1136 2104 1186 2179 qui
1202 2124 1296 2182 pecu·

330 2205 408 2263 niam
430 2204 580 2281 publicam
604 2225 700 2281 neque
726 2207 890 2285 accepisset
908 2225 1004 2282 neque
1025 2207 1224 2285 expendisset,
1247 2211 1297 2265 nol

332 2315 441 2367 τοῦτον
459 2307 618 2385 ἀποφέρειν
635 2312 748 2367 κελεύει
771 2311 833 2367 scil.
854 2311 870 2368 o‘
888 2311 1050 2383 νομοθέτης
1066 2344 1106 2358 -
1119 2314 1208 2390 λόγον
1225 2313 1298 2391 πρὸς

331 2417 404 2480 τούς
422 2416 575 2491 λογιστάς,
594 2414 748 2471 refutatur.
785 2417 847 2472 Hoc
859 2415 946 2472 etiam
962 2414 1071 2490 scripto
1096 2417 1297 2492 consignatum

331 2518 442 2578 fuctum
462 2520 570 2588 fuisse,
590 2529 623 2575 ut
643 2518 837 2594 reliquorum,
861 2520 911 2595 qui
933 2519 1086 2596 pecuniam
1111 2520 1298 2604 administra-

331 2633 437 2680 verant
465 2623 618 2701 publicam
644 2623 863 2697 magistratuum
891 2600 1035 2693 rationes,
1068 2624 1198 2682 eiusdem
1222 2625 1301 2684 Ora·

335 2726 409 2784 toris
435 2725 526 2783 verba
550 2726 603 2784 Or.
628 2725 707 2783 laud.
734 2746 768 2801 p.
786 2724 824 2782 57
845 2726 876 2781 in
898 2726 981 2782 initio
1009 2731 1122 2784 κελεύει
1149 2732 1202 2807 γάρ
1223 2732 1300 2791 αὐτὸ

337 2836 422 2890 τοῦτ’
443 2829 615 2910 ἐγγράφειν,
636 2832 685 2886 ὅτι
707 2829 773 2887 oifs‘
800 2829 904 2903 ἔλαβον
930 2832 1016 2889 οὐδέν
1041 2854 1069 2889 ιι.
1085 2854 1112 2889 τ.
1130 2835 1157 2889 λ.
1180 2811 1306 2893 demori-

336 2948 438 2997 stram.

377 3042 408 3097 Si
422 3041 510 3117 igitur
526 3041 654 3097 rationes
671 3060 688 3096 a
704 3039 832 3113 Logistis
853 3061 912 3098 non
934 3041 1186 3118 approbarentur,
1206 3061 1303 3118 neque

339 3146 572 3217 accusationem,
593 3144 631 3199 ab
648 3142 746 3217 aliquo
762 3143 870 3199 civium
886 3144 1026 3218 delatam,
1045 3147 1144 3204 tollere
1160 3169 1228 3205 raus
1243 3168 1303 3225 po.

338 3252 459 3319 tuisset,
486 3269 586 3306 caussa
603 3269 620 3303 a
636 3245 778 3321 Logistis,
801 3248 852 3321 qui
872 3247 1023 3323 ,ἡγεμονλαν
1048 3248 1305 3325 dcuoornplovha·

338 3355 451 3413 bebant
468 3352 534 3426 (2),
554 3351 586 3408 in
601 3349 742 3406 iudicium
757 3348 973 3417 deducebatur,
993 3352 1022 3408 in
1039 3372 1097 3428 quo
1116 3373 1190 3409 unus
1209 3372 1225 3408 e
1247 3354 1304 3431 Sy-

336 3460 455 3538 negoris
472 3456 629 3517 accusabat
644 3451 717 3533 (3).
754 3453 918 3531 Unicuique
935 3466 1031 3513 autem
1045 3455 1152 3512 civium
1168 3457 1305 3516 εὐθυνῶν

376 3699 420 3765 (ll
438 3698 478 3749 Aa
488 3713 500 3746 s
510 3693 559 3746 alr·
577 3694 606 3744 in
620 3689 746 3758 ctesiph.
763 3706 790 3755 p.
799 3688 832 3741 5⁷
851 3689 945 3756 Steph.
956 3722 965 3747 ,
977 3686 1013 3738 ef.
1032 3685 1136 3742 Petit
1149 3694 1233 3762 Legg.
1243 3691 1303 3749 Are.

342 3802 367 3852 p.
386 3786 446 3837 307.
479 3780 614 3834 Contraria
630 3792 714 3829 antem
733 3788 772 3828 est
788 3776 914 3827 sententia
937 3774 1050 3827 Boeclr
1062 3776 1087 3830 lr.
1106 3775 1124 3829 l.
1136 3777 1171 3846 l.,
1189 3780 1306 3839 l’latu.

342 3873 427 3924 Proc.
445 3867 504 3919 Vol.
520 3867 541 3920 l.
559 3884 585 3934 p.
595 3868 662 3934 2111„
681 3865 706 3917 M
718 3864 808 3916 sieri
824 3867 858 3916 de
875 3867 940 3916 Lite
959 3864 1021 3921 Art.
1038 3883 1064 3932 p.
1080 3869 1138 3921 219.

379 3959 421 4030 (2)
439 3961 507 4010 Lex.
521 3959 635 4024 Sagun.
650 3973 675 4021 p.
684 3957 734 4007 309
754 3952 971 4018 attererentur<
988 3954 1111 4013 εὐθύνας
1118 3954 1224 4015 ἁπάσας
1234 3956 1310 4022 alce).

343 4066 401 4116 yos.
436 4045 525 4099 Dour.
542 4061 596 4112 pro
616 4047 713 4097 ebron.
730 4059 756 4109 p.
773 4043 823 4094 266
844 4040 875 4092 da
896 4044 930 4096 F.
952 4041 982 4090 [ι.
1004 4061 1030 4112 p,
1046 4046 1104 4098 406,
1297 4070 1300 4075 ι

381 4136 424 4205 (3)
443 4137 512 4187 Lex.
533 4133 765 4202 Seguer.p.301,
789 4129 841 4184 rid.
861 4129 1007 4186 Boseth.
1030 4134 1090 4186 Orc.
1111 4130 1190 4185 ciel
1209 4150 1232 4201 p.
1246 4133 1306 4190 107.

344 4223 498 4282 Schocm.
520 4223 553 4276 de
574 4223 646 4278 rom.
675 4219 984 4288 ρ.108,Μιιι.Ιλλιιι.
1010 4219 1060 4275 l.·l
1084 4238 1112 4288 p.
1132 4221 1173 4276 85.
