2967 5092
639 554 685 623 '23

178 747 325 815 ῂοτνενίῑ,
353 747 438 802 citat:
469 750 544 802 ὅσων
567 748 634 816 δίκη
653 746 794 819 πρότερον
821 741 933 818 ἐγένετο
955 744 972 814 η’
987 747 1104 803 eddim
1130 748 1147 819 ἢ

184 851 357 905 διαδικασία
373 853 439 924 περί
456 854 508 904 τοῦ
529 849 561 905 ἐν
583 851 760 922 δικαστηρίῳ
776 846 794 916 ἢ
810 846 873 902 toto
894 846 912 917 ἧ
929 847 1087 921 δημοσίαῆ
1111 852 1143 907 sd

178 953 326 1027 ’δημόσιον
342 952 483 1023 ἀπέδοτο,
498 955 538 1024 μή
552 957 680 1031 εἰσάγειν
696 955 762 1025 περί
777 952 887 1005 τούτων
901 956 945 1015 είς
959 954 992 1009 τό
1008 954 1144 1024 δικαστη·

184 1080 263 1134 ριον,
284 1058 351 1131 μηδ’
368 1057 556 1130 ἐπιψηφίζειν
581 1059 639 1114 τῶν
662 1054 811 1130 ἀρχόντων
825 1055 946 1139 μηδένα,
967 1056 1039 1130 μηδὲ
1059 1080 1142 1130 susq.

182 1173 277 1241 yopetv
294 1160 614 1219 consoranensem
632 1165 661 1219 σί
680 1163 786 1231 νόμοις
806 1158 877 1216 haec
897 1163 975 1219 enim
990 1162 1036 1219 lex
1058 1164 1145 1221 modo

179 1252 263 1324 ‘vetat
282 1264 442 1340 derebus,
463 1265 623 1341 dequibus
645 1267 786 1326 iudicium
806 1268 853 1342 (l)
873 1270 931 1325 iam
945 1267 1072 1336 lactum,
1092 1279 1144 1325 aut

180 1372 307 1446 rationes
315 1369 465 1440 redditae,
485 1381 535 1426 aut
545 1367 680 1447 suffragia
687 1372 743 1429 lata
752 1385 865 1443 essent,
883 1374 988 1429 iterum
1001 1371 1146 1427 actionem

180 1475 348 1544 instituere,
374 1474 490 1531 minime
515 1474 677 1532 inchoatam
698 1478 868 1553 persequi·
895 1479 937 1533 De
958 1475 1147 1532 Nicomacho

173 1580 277 1655 'autem
292 1578 401 1636 nullum
418 1579 526 1635 lactum
541 1591 585 1636 est
598 1579 756 1651 iudicium,
776 1602 871 1657 neque
890 1582 927 1637 ab
948 1579 996 1637 illo
1017 1579 1145 1636 rationes

180 1697 247 1743 sunt
261 1674 395 1740 redditae
410 1681 471 1760 §.lt
489 1683 605 1740 ἐκείνων
624 1685 708 1757 δίκην
734 1684 770 1742 όυ
785 1686 891 1743 δέδωκε
905 1697 935 1741 et
950 1686 980 1740 in
996 1683 1053 1741 fine
1072 1682 1100 1759 ξ.
1113 1681 1144 1740 3.

175 1787 327 1848 Neminem
336 1787 481 1871 offendat,
500 1807 565 1844 eum
576 1788 614 1843 ah
623 1788 820 1847 Archontibus
829 1789 997 1847 mulctatum
1005 1790 1094 1845 luisse
1106 1818 1145 1835 «-

177 1892 398 1967 διαβαλλόντων
412 1890 445 1949 δὲ
467 1893 525 1947 τῶν
541 1892 690 1967 ἀρχόντων
703 1892 860 1964 ἐπιβολὰς,
884 1890 921 1947 de
944 1911 1001 1975 qua
1012 1889 1146 1949 turmula
1181 1912 1187 1931 ·

179 1998 253 2055 inira
267 1998 298 2053 in
315 1999 392 2054 Anu.
410 1995 539 2053 dicemus
555 2029 593 2041 -
610 1996 665 2053 hoc
682 1996 758 2053 enim
773 1996 812 2052 ad
826 2015 858 2050 ea
877 2014 950 2070 quae
967 1994 1148 2072 praecedunt

180 2100 363 2159 referendum
375 2111 436 2158 est:
456 2102 494 2157 ita
509 2101 723 2183 fraudulenterp
741 2110 843 2158 narrat
856 2099 961 2159 Orator
969 2118 982 2169 ‚¹
999 2099 1146 2157 Ntcoms-

181 2222 259 2262 enos
278 2206 309 2260 in
326 2203 440 2280 legibus
465 2205 666 2263 describendis
688 2226 719 2263 se
735 2206 840 2281 gessit,
861 2217 894 2263 ut
916 2204 1099 2262 adversarius
1114 2205 1146 2261 iu

182 2310 290 2383 iudicio
312 2309 391 2385 leges
420 2318 542 2384 uterque
566 2309 712 2384 proferret
733 2331 751 2367 a
779 2309 967 2369 Ντσσττκοττο
989 2319 1143 2385 acceptas3

170 2416 263 2490 ‘ipsas
277 2426 374 2471 autem
389 2412 522 2471 Sonoms
537 2412 615 2496 leges
629 2414 760 2490 prolerre
778 2413 887 2471 nolenti
900 2414 1007 2470 frustra
1022 2411 1146 2470 mulctae

178 2518 402 2595 imponebantur
411 2515 449 2572 ab
457 2516 669 2587 Archontihus,
689 2529 718 2592 ct
727 2518 901 2590 deductlone
912 2516 950 2572 ad
962 2513 1091 2571 tribunal
1104 2512 1143 2571 ad

172 2622 336 2696 'tradendas
359 2620 518 2697 urgebatur
540 2620 635 2696 leges,
655 2642 765 2698 quum,
785 2621 917 2679 nondum
940 2618 1073 2677 conlecto
1091 2637 1144 2674 ne·

171 2714 280 2802 ἶςσῑίο,
308 2724 382 2782 urhe
408 2738 485 2783 terra
516 2727 646 2803 marique
676 2726 814 2797 obsessa,
842 2726 883 2783 'ad
909 2736 1018 2782 tantam
1039 2723 1144 2781 civitas

178 2830 314 2919 pervenit
328 2829 531 2901 calamitatem,
551 2844 583 2888 ut
600 2830 720 2904 ἀτίμους
733 2831 888 2909 ἐπιτίμους
902 2830 1024 2888 reddere
1039 2836 1144 2885 neces-

180 2954 211 2993 se
228 2945 320 3005 esset,
336 2934 399 2994 vid.
416 2935 497 2992 ΧΕΝ.
517 2933 598 3007 Bell.
615 2936 658 2990 ΙΙ.
677 2932 713 3001 2,
733 2933 753 2991 6
768 2939 838 2997 τούς
852 2933 972 3007 ἀτίμους
990 2933 1143 3006 ἐπιτίμους

168 3037 353 3108 ’ποιήσαντες
374 3037 563 3114 ἑκαρτέρσυντ
593 3038 689 3093 Dton.
712 3035 775 3091 Sto.
795 3038 829 3092 12:
846 3037 933 3092 XIII.
959 3057 1025 3114 cap.
1042 3035 1096 3094 107
1103 3048 1146 3093 ὀί

180 3143 263 3199 Anu.
283 3142 316 3217 de
332 3141 424 3215 Mysi.
448 3162 479 3218 p.
492 3138 547 3197 35:
575 3149 604 3196 et
615 3138 782 3215 psephisma
800 3138 871 3225 illud
889 3140 1026 3197 Patroclis
1049 3159 1085 3197 eo
1101 3139 1146 3197 la·

180 3260 243 3303 tum
259 3254 389 3324 tempore
412 3266 480 3323 pag.
497 3244 536 3303 36
554 3244 683 3302 eiusdem
699 3244 863 3315 Orationis,
885 3245 964 3321 quod
980 3263 1080 3303 omnes
1096 3244 1145 3302 in-

179 3361 322 3430 terpretes
332 3352 440 3429 fugisse
458 3349 592 3423 videtur:
609 3347 665 3405 hoc
683 3349 759 3407 enim
774 3347 969 3426 psephismate
980 3371 1040 3410 non
1055 3350 1142 3416 modo

166 3545 537 3575 ,Μ

168 3649 255 3706 hul.
275 3651 364 3705 Gell.
382 3654 465 3707 Noct.
483 3649 597 3706 Attuli.
608 3653 657 3714 tt,
674 3651 760 3704 exilio
771 3666 828 3701 eum
840 3650 968 3718 punivisse
985 3650 1143 3704 Solonem

179 3739 279 3806 tradit,
304 3740 336 3792 de
361 3758 410 3807 quo
438 3758 533 3809 poenae
559 3739 707 3792 discrimine
735 3738 786 3794 vid.
812 3736 939 3795 Meurs.
966 3740 1061 3797 Τίτεσι.
1077 3739 1144 3803 ΑΗ,

178 3829 200 3884 Ι.
219 3831 252 3882 12
267 3839 295 3880 et
313 3829 405 3881 Solon·
424 3847 445 3882 c.
459 3832 507 3896 15,
527 3828 631 3883 Petit.
649 3834 734 3899 lagg.
752 3827 814 3882 Art.
833 3846 857 3897 p.
870 3829 937 3889 670,
966 3824 1088 3883 Maior.
1105 3830 1141 3882 de

165 3920 248 3973 ·Bon.
266 3921 366 3971 Damn.
385 3935 407 3984 p.
420 3919 477 3970 101.
494 3934 519 3973 n.
535 3918 599 3978 337,
619 3915 745 3983 Lelyve
756 3913 798 3970 ld.
812 3918 846 3968 de
861 3915 990 3987 Infamia
1007 3932 1030 3983 p.
1044 3917 1093 3969 1⁷4
1101 3931 1142 3986 sq.

210 4004 253 4073 (l)
271 4005 346 4070 Δίκη
364 4005 431 4055 τοίω
450 4004 475 4058 h.
493 4003 511 4059 l.
529 4021 580 4056 nou
596 4004 740 4071 siguificare
759 4005 915 4064 actionem,
931 4004 976 4056 sed
989 4005 1142 4070 iudicium,
1171 4017 1176 4026 ·

176 4091 275 4159 reliqua
294 4095 371 4144 verbs
386 4091 522 4147 suadent*
546 4091 606 4144 vit.
634 4091 666 4143 de
690 4093 767 4146 huius
782 4091 900 4150 vocabuli
924 4091 996 4144 varia
1012 4090 1037 4142 vi
1060 4101 1087 4143 et
1103 4090 1141 4141 si-

179 4180 340 4247 gnificationc
356 4183 389 4236 de
406 4183 465 4238 Lit.
483 4180 546 4240 Ast.
565 4200 590 4250 ρ.
610 4184 657 4236 153
670 4199 727 4250 sqq.
