2967 5092
790 524 833 583 50

329 729 442 782 nunes,
464 732 500 769 an
517 714 592 769 inter
610 729 638 767 se
664 710 793 768 diversae
816 710 924 767 luerint
948 711 1064 768 tabulae
1080 713 1159 783 illae,
1180 712 1299 769 dubita-

331 817 393 886 vit3
414 816 463 874 cui
480 816 604 873 addatur
621 814 766 872 scholiast.
786 814 825 871 ad
848 814 953 870 Antea.
968 816 1047 873 Nat.
1065 838 1097 892 p.
1116 814 1180 873 150.
1197 838 1212 870 a
1228 818 1295 870 Vs-

329 938 399 978 Les.
415 921 447 978 in
460 921 529 979 adn.
548 919 588 978 ad
610 918 774 975 Haurocu.
795 939 825 976 v.
844 918 963 995 κύρβεις
981 919 1030 976 cit.
1070 920 1186 991 Quibus
1200 933 1297 975 autern

328 1022 412 1083 multi
425 1023 512 1083 huius
528 1026 649 1081 unsrun
668 1024 697 1081 in
713 1024 830 1082 N1cou.
848 1021 931 1080 Orat.
946 1020 1016 1093 loci,
1041 1042 1057 1080 e
1073 1024 1180 1101 quibus
1195 1043 1296 1080 sacro-

330 1148 397 1186 rum
415 1129 488 1186 ritus
502 1141 531 1186 et
547 1126 690 1190 sacrificia
713 1127 836 1203 κύρβεσι
862 1126 1003 1205 inscripta
1020 1127 1181 1187 luculenter
1196 1127 1297 1184 videre

327 1233 413 1305 licet,
434 1233 525 1290 obiici
545 1244 669 1310 possunt
687 1251 721 1288 v.
736 1251 763 1287 c.
783 1229 810 1306 ξ.
831 1228 876 1287 17.
896 1231 952 1306 χρη
966 1233 1059 1287 θύειν
1073 1234 1125 1297 τὰς
1140 1235 1249 1296 θυσίας
1262 1231 1295 1287 ἐκ

326 1339 385 1393 τῶν
408 1337 537 1412 κύρβεων
561 1341 611 1393 καὶ
636 1338 693 1392 τῶν
715 1336 813 1393 ὅπλων
840 1337 913 1391 κατὰ
937 1337 988 1399 τοὶς
1012 1338 1175 1413 συγγραφάς
1195 1369 1233 1382 -
1258 1336 1295 1392 de

330 1439 437 1515 quihus
459 1438 567 1496 ultimis
588 1439 687 1495 verbis
707 1438 786 1496 infra
811 1437 998 1496 dicemus-
1017 1440 1124 1515 quibus
1152 1439 1295 1496 addantur

324 1561 398 1617 quae
413 1542 445 1598 in
460 1540 516 1600 fine
533 1541 663 1598 eiusdem
678 1539 693 1616 ξ
711 1539 784 1598 dicit
807 1542 913 1601 Orator
934 1543 1009 1600 etin
1031 1543 1112 1600 initio
1127 1543 1291 1619 sequentis,

322 1647 352 1702 οἱ
370 1649 468 1702 τοίνυν
490 1647 630 1722 πρόγονοι
651 1649 687 1703 τὰ
711 1645 745 1701 ἐκ
769 1646 826 1701 τῶν
853 1647 983 1721 κύρβεων
1009 1650 1137 1712 θύοντες
1157 1653 1292 1724 μεγίστην

321 1753 371 1810 καὶ
389 1750 655 1826 εὐδαιμονεστάτην
679 1750 736 1806 τῶν
755 1750 933 1821 Ἑλληνίδων
956 1750 1007 1822 την
1026 1753 1116 1808 πόλιν
1131 1751 1294 1827 παρέδοσαν

320 1878 347 1911 κ,
365 1877 391 1911 τ.
407 1857 435 1913 λ.
472 1855 510 1914 In
525 1854 606 1912 initio
622 1864 719 1909 autem
744 1854 910 1925 Orationis,
931 1853 984 1911 ubi
1007 1854 1181 1930 reliquarum
1198 1854 1291 1911 Sono-

317 1976 371 2015 ατε
391 1958 488 2034 legum
503 1957 612 2014 mentio
630 1955 680 2025 lit,
702 1955 781 2012 nullo
798 1955 863 2014 loco
878 1953 908 2012 hi
927 1969 1123 2015 memorantur
1141 1959 1271 2035 κύρβεις.

357 2060 562 2128 Sententiam,
595 2079 681 2135 quam
713 2059 910 2137 promulgavit
935 2063 1069 2118 Bmcrus
1099 2062 1118 2121 l.
1144 2063 1165 2121 l.
1190 2063 1291 2130 ἄξονας

316 2186 423 2244 nempe
447 2161 624 2223 continuisse
646 2162 724 2237 leges
754 2163 900 2239 privatas,
923 2165 1042 2241 κύρβεις
1064 2186 1135 2224 vero
1158 2168 1292 2246 publicas

253 2324 255 2331 ,
318 2282 349 2328 et
374 2268 535 2336 sacrificia,
565 2266 641 2323 unde
668 2265 823 2336 hauserit,
853 2287 914 2324 non
939 2271 1037 2328 video.
1076 2272 1170 2346 Leges
1193 2286 1288 2343 certe,

316 2373 400 2451 apud
419 2375 515 2430 Pnun.
535 2393 567 2449 p.
586 2368 625 2428 88
648 2371 681 2428 F.
701 2371 731 2426 iu
752 2370 968 2430 decimotertio
996 2394 1087 2430 axone
1104 2376 1234 2452 positae,
1255 2377 1290 2432 de

318 2477 373 2534 illis
392 2475 572 2553 quiinsamia
590 2486 687 2532 essent
707 2474 815 2545 notati,
835 2474 970 2553 publicae
994 2490 1094 2546 erant,
1117 2499 1290 2556 quamquam

320 2582 352 2638 in
368 2581 422 2638 illis
439 2581 629 2639 Pnnmncuo
648 2580 750 2654 exigua
770 2597 838 2635 sane
857 2579 1012 2636 tribuenda
1037 2595 1081 2638 est
1105 2581 1195 2651 fides,
1224 2605 1292 2640 nam

318 2685 351 2742 in
366 2683 448 2741 initio
468 2682 563 2762 p.90,
585 2702 658 2759 quae
673 2683 710 2739 ad
727 2702 806 2740 sacra
823 2682 990 2758 pertinent,
1008 2684 1133 2762 ideoque
1151 2687 1289 2762 κύρβεσιν

318 2788 469 2866 adscripta
500 2788 590 2846 fuisse
625 2787 780 2847 verisimile
806 2795 872 2854 est,
901 2786 933 2841 in
952 2798 1034 2846 sexto
1064 2790 1177 2848 decimo
1201 2791 1290 2849 tradit

318 2913 411 2951 axone
420 2891 579 2969 insculpta.
617 2891 733 2948 Maioris
749 2901 845 2946 autem
856 2893 994 2948 momenti
1010 2893 1095 2950 Dent.
1109 2884 1153 2951 est
1166 2894 1247 2951 locus
1257 2896 1287 2949 in

318 2999 468 3057 Aristocr.
486 3019 520 3075 p.
532 2995 605 3066 629,
627 3015 684 3071 quo
694 2994 760 3051 loco
778 2994 813 3051 de
832 2996 949 3073 publica
964 2997 1109 3056 disserens
1125 3000 1188 3075 lege
1206 3003 1289 3056 Dera.

314 3102 373 3161 ait:
393 3101 432 3167 ὡς
448 3101 480 3157 ἑν
495 3101 536 3178 τῷ
558 3100 662 3175 ηΑξονι
679 3099 813 3178 ἀγορεύει
830 3099 890 3177 (l)
913 3102 1022 3160 scilicet
1043 3104 1060 3160 ὁ
1082 3106 1171 3177 νόμος
1188 3104 1248 3160 sive
1271 3102 1289 3158 ὁ

313 3205 488 3279 νομοθέτης.
525 3202 581 3261 Hic
593 3214 688 3260 tamen
699 3203 780 3260 locus
797 3203 850 3260 alia
868 3205 981 3263 laborat
995 3206 1177 3273 difficultate,
1199 3225 1288 3279 quare

317 3328 412 3387 pauca
433 3307 470 3363 de
490 3326 525 3364 eo
540 3317 641 3367 notare
656 3327 714 3362 non
735 3306 788 3362 abs
802 3328 833 3363 re
850 3297 914 3364 erit.
955 3309 1094 3366 Eiusdem
1108 3310 1185 3363 enim
1205 3307 1288 3365 Orat.

316 3435 350 3492 γε.
360 3409 426 3471 636.
445 3411 547 3480 initio,
569 3429 657 3485 qnum
672 3428 778 3466 novam
794 3411 833 3468 ad
851 3414 968 3470 caedem
982 3413 1175 3489 pertinentem
1190 3406 1293 3479 re'etta,

322 3627 647 3645 W

343 3764 387 3832 (1)
403 3763 454 3815 Pro
474 3762 618 3829 ἀγορεύει,
648 3761 755 3814 Wott.
787 3758 961 3827 διαγορεύει,
998 3757 1139 3814 Salmas.
1161 3761 1285 3827 ἠγόρευε.

313 3851 401 3911 Tayl.
429 3850 594 3921 ἀγορεύεται
610 3848 660 3911 tegi
685 3853 792 3908 rutum,
818 3864 880 3914 qrras
912 3858 997 3897 tamen
1019 3849 1176 3898 mutationes
1204 3849 1288 3901 minua

307 3942 466 3994 necessarias
497 3948 569 4007 puto.
602 3934 686 4003 Magis
713 3949 799 3988 autem
833 3934 949 3987 Reisk·
979 3936 1125 3986 emendatio
1156 3936 1281 4002 tuipsius

304 4029 369 4098 legis
379 4029 482 4095 verbis,
498 4043 544 4095 pro
566 4025 647 4092 ὅσον,
666 4025 728 4076 ὅσου
748 4024 856 4091 legentis
876 4022 979 4091 placet,
994 4041 1070 4091 quam
1090 4034 1178 4090 postea
1199 4024 1283 4078 Bett-

304 4116 407 4187 kerus
425 4129 450 4171 et
467 4113 695 4172 Schaellerns
714 4114 884 4167 auctoritate
905 4112 980 4166 cort.
999 4111 1180 4180 probaremur.
