2967 5092
787 554 830 643 aa

329 761 483 838 optimates
499 779 514 815 e
531 761 646 842 piaculo
673 764 834 834 Cunaro,
857 783 914 840 quo
927 740 1132 821 ¹Alcuieonidae
1149 746 1292 822 tenebari-

327 875 400 935 tur,
429 878 532 936 ortas,
562 886 720 922 memorare
749 886 868 926 necesse
892 877 938 925 cst
962 868 1023 939 (l).
1072 867 1156 925 Nunc
1178 880 1290 924 tanturn

326 968 555 1027 animadvertere
581 971 718 1042 sufficiet,
748 973 913 1043 Sononnn,
941 990 1031 1046 quum
1046 971 1174 1028 Athenae
1194 971 1292 1028 tribus

326 1072 460 1149 partibus
475 1074 674 1144 Diacriorum,
697 1077 746 1151 qui
763 1077 899 1154 populari
921 1075 1060 1132 favebant
1073 1075 1212 1152 imperio,
1232 1076 1292 1132 Pe·

325 1177 493 1247 diacorum,
515 1179 695 1255 optimatium
713 1193 888 1257 potestatem
901 1192 987 1255 atque
1005 1179 1206 1236 auctoritatem
1223 1192 1290 1236 tue-

324 1283 350 1338 ri
368 1282 564 1358 cupientium,
585 1295 614 1340 et
637 1284 833 1354 Paraliorum,
852 1285 939 1359 μὲσον
963 1287 1028 1341 τινὰ
1053 1288 1101 1340 καὶ
1118 1283 1290 1361 μεμιγμένον

324 1389 475 1449 πολιτείας
494 1388 602 1461 τρόπον
620 1389 821 1463 appetentium
835 1387 906 1464 (2),
929 1398 1011 1444 erant
1025 1392 1168 1462 agitatae,
1189 1389 1289 1464 reique

325 1490 461 1568 publicae
477 1490 641 1578 statuleere
655 1492 788 1567 perditus
805 1505 884 1560 erat,
907 1493 944 1548 ad
960 1510 1104 1547 summum
1121 1491 1289 1567 pervenisse

323 1596 541 1671 magistratum,
569 1594 652 1669 eique
674 1594 793 1651 adrem
815 1595 964 1674 publicam
987 1592 1196 1667 ordinandam,
1221 1614 1293 1673 par-

325 1702 457 1776 tiumque
489 1700 689 1757 contentiones
728 1699 944 1776 componendas
976 1698 1071 1774 legum
1105 1699 1290 1757 ferendarum

324 1824 432 1864 munus
458 1804 587 1865 oblatum
608 1804 710 1862 luisse.
757 1806 852 1875 Quam
879 1780 1052 1879 potestatem
1075 1805 1114 1861 ita
1138 1803 1289 1874 adhibuit,

326 1923 379 1981 ut,
404 1929 546 1986 oppressa
570 1909 753 1966 multitudine
774 1909 848 1965 aeris
874 1907 959 1964 alieni
982 1908 1146 1965 difficultate
1159 1928 1212 1986 per
1228 1928 1287 1964 oae-

326 2018 473 2089 σάχθειαν
489 2009 537 2088 (3)
564 2011 703 2084 liberata,
733 2032 873 2071 summam
894 2012 1103 2095 rempublicam
1126 2033 1216 2089 penes
1232 2033 1291 2095 po-

320 2100 426 2202 'pulum
439 2117 642 2191 constitueret,
663 2119 683 2175 i.
700 2137 726 2173 e.
748 2130 778 2183 ut
794 2137 894 2177 ornnes
910 2129 1059 2173 uterentur
1076 2119 1138 2174 iure
1162 2117 1291 2195 suffragii

320 2220 361 2311 ¹ds
387 2219 501 2296 legibus
515 2214 605 2292 latis,
635 2219 671 2277 de
695 2222 827 2285 creandis
851 2221 1092 2302 explorandisque
1116 2221 1290 2297 magistrati-

322 2323 398 2397 bus,
418 2325 512 2401 deque
530 2346 682 2391 causarum
700 2326 885 2402 publicarum
909 2337 939 2381 et
963 2325 1140 2401 privatarum
1164 2326 1291 2384 iudiciis.

323 2428 425 2491 Civilia
438 2416 574 2505 aequavit
591 2431 668 2503 iura,
692 2441 871 2511 cunctosque
888 2429 1003 2509 legibus
1017 2429 1133 2511 scriptis
1153 2429 1290 2489 subiecit.

323 2533 382 2594 Has
401 2532 479 2610 leges
495 2535 565 2593 latas
586 2534 617 2598 in
637 2547 753 2594 centum
777 2537 872 2594 valere
893 2554 985 2597 annos
1001 2533 1087 2597 iussit
1105 2532 1143 2607 (lt
1157 2557 1174 2588 ’.
1215 2534 1290 2597 Uni-

321 2657 440 2713 versum
458 2640 572 2715 quidem
588 2638 789 2696 iusiurandum
805 2649 922 2697 senatus
947 2637 1077 2710 iurabat,
1099 2640 1230 2698 sononia
1248 2640 1292 2701 le-

321 2752 463 2817 gestatas
488 2764 519 2800 se
539 2743 690 2806 habituros
713 2761 794 2812 esse,
815 2741 961 2818 peculiare
983 2761 1055 2797 vero
1088 2744 1288 2817 unusquisque

321 2846 590 2907 Thesrnothetarum
614 2848 645 2903 ἑν
670 2847 760 2927 ἀγορᾷ
784 2824 856 2922 πρὸς
881 2845 920 2926 τῷ
944 2847 1036 2919 λίθῳ,
1057 2845 1082 2901 si
1104 2845 1241 2921 aliquain
1258 2864 1290 2901 re

318 2950 399 3027 leges
423 2950 595 3031 neglexisset
618 2963 668 3014 aut
693 2951 828 3008 violasset
854 2969 884 3005 se
911 2960 1035 3012 statuam
1055 2967 1170 3005 auream
1192 2967 1285 3024 aequo

317 3054 452 3135 pondere
472 3057 628 3133 Delphicae
645 3056 847 3119 dedicaturum
873 3073 953 3111 esse:
976 3053 1111 3127 additque
1130 3054 1225 3108 Pone.
1241 3057 1289 3108 καὶ
1308 3134 1310 3136 v

317 3162 539 3237 ’κατεγράφησαν
554 3166 597 3225 εἰς
613 3162 743 3225 ξυλίνους
760 3160 878 3221 ἄξονας,
900 3157 930 3213 ὲν
946 3160 1098 3220 πλαισίοις
1120 3157 1289 3230 περιέχουσι

322 3264 532 3343 στρεφομένους
557 3253 596 3320 ὧν
617 3263 662 3320 ἔτι
679 3267 750 3319 καθ)
770 3262 843 3340 ἡμᾶς
868 3260 899 3315 ἐν
914 3262 1075 3335 πρυτανὲιῳ
1099 3263 1222 3331 λείψανα
1239 3281 1286 3330 μι·

320 3358 377 3443 1υροὶ
393 3367 547 3433 διεσώζετο
563 3372 612 3426 nul
637 3369 926 3445 προςηγορεύθησαν,
949 3363 987 3428 ὡς
1004 3362 1208 3438 Ἀριστοτέλης
1233 3384 1286 3434 φρ-

317 3562 621 3589 Μ

316 3717 323 3728 .
356 3671 399 3738 (ll
418 3672 745 3730 Viennensium.
771 3670 960 3743 §los-106.
994 3663 1285 3723 soluendum.

322 3758 406 3813 Pubt.
431 3777 456 3827 p.
474 3761 633 3817 leo-173.

354 3845 398 3915 (λ)
414 3844 506 3906 Plut.
524 3851 550 3899 in
574 3850 607 3901 V.
629 3849 722 3904 Solon.
741 3865 767 3918 p.
784 3848 826 3902 85.
846 3846 876 3902 F.

314 3982 320 4003 ‚
354 3934 398 3998 (3)
416 3932 467 3985 Per
487 3934 668 4001 σεισάχθειαν
689 3937 708 3994 i.
726 3954 751 3990 e.
768 3946 843 3988 aneto
872 3931 993 4002 pecuniae
1021 3942 1168 3986 nummatas
1183 3929 1287 3997 pretio,

315 4036 370 4089 ,quo
384 4018 453 4076 effici
470 4037 573 4074 necesse
598 4035 671 4087 erat,
689 4034 719 4077 nt
739 4024 838 4077 minore
862 4021 982 4090 pecuniae
1001 4038 1100 4075 sunna
1127 4016 1213 4072 dehita
1231 4016 1287 4072 sol-

320 4125 379 4160 vere
397 4119 500 4178 possent
515 4108 640 4170 obaerati.

357 4198 399 4268 (u
418 4196 508 4252 riui.
526 4196 545 4252 1.
563 4200 582 4254 r.
599 4218 624 4270 p.
641 4202 684 4255 οι.
704 4200 734 4258 r.
