2967 5092
799 576 839 643 1³2

335 763 434 820 stituto
460 783 475 817 a
500 761 609 839 populo
630 763 753 818 crearie
776 782 896 819 numero
913 781 1030 831 eorum,
1056 764 1155 836 quiin
1178 763 1294 831 Heliaea

332 868 378 924 ius
410 866 551 922 dixissent
577 878 606 922 et
636 867 854 940 iusiurandum,
885 866 965 944 quod
993 867 1030 922 ab
1055 868 1188 925 Heliastis
1218 871 1293 945 exigi

333 972 460 1041 solebat,
489 971 652 1043 dedissent,
678 984 780 1029 notum
801 984 862 1042 est,
884 973 1105 1029 Ntconscflusr
1127 975 1215 1030 fuisse
1233 986 1294 1030 sta-

332 1079 376 1134 tui
404 1078 514 1151 nequit.
559 1079 634 1134 Nam
661 1097 697 1134 ex
724 1079 878 1154 quotannis
908 1079 993 1134 novis
1024 1079 1128 1135 creatis
1161 1077 1295 1133 Heliastis

333 1182 519 1239 Nomothetas
542 1202 605 1238 esse
629 1202 749 1240 neeesse
771 1196 849 1254 erat,
874 1185 912 1242 cf.
932 1186 1015 1240 Dnsr.
1034 1184 1098 1238 adr.
1115 1182 1198 1256 Lept.
1218 1182 1237 1237 l.
1253 1181 1293 1238 l.=

331 1285 410 1342 nullo
437 1287 524 1362 igitur
556 1286 642 1343 modo
665 1286 729 1343 fieri
752 1289 865 1365 potuit,
893 1300 926 1345 ut
958 1309 1034 1345 unus
1059 1307 1161 1343 eorum
1186 1286 1296 1343 diutius

332 1410 418 1465 quam
443 1410 496 1466 per
522 1410 630 1446 annum
652 1410 758 1447 munus
787 1411 872 1448 suum
889 1393 1031 1464 traheret,
1061 1392 1139 1467 quod
1152 1391 1298 1447 Nrconrs-

330 1512 421 1551 cnon
439 1515 493 1574 per
514 1514 564 1551 sex
582 1495 734 1550 continuos
758 1494 911 1552 retinuisse
929 1510 1010 1554 actor
1026 1499 1105 1554 dicit.
1144 1498 1296 1553 Praeterea

328 1620 437 1679 parum
457 1598 610 1655 verisimile
631 1610 691 1666 est,
712 1597 808 1669 illum,
831 1599 880 1674 qui
903 1612 962 1655 tam
978 1601 1104 1657 obse-uro
1129 1612 1214 1656 natus
1237 1609 1297 1655 erat

328 1704 410 1774 loco,
432 1717 464 1759 ut
487 1714 569 1781 pater
587 1706 651 1761 eius
666 1705 805 1781 δημοσᾷος
820 1705 940 1774 fuisset,
961 1706 1092 1781 ipseque·
1109 1705 1165 1760 iam
1182 1704 1297 1761 adultus

333 1807 414 1883 (§.2)
427 1809 533 1864 civium
550 1808 679 1884 catalogo
697 1821 774 1865 esset
790 1808 1094 1885 adscriptus‚tantam
1109 1820 1297 1866 consecutum

329 1933 393 1970 esse
411 1913 589 1988 dignitatem.
629 1914 718 1968 Extra
736 1913 867 1981 ordinem
881 1915 971 1990 igitur
988 1914 1044 1980 hoc
1062 1936 1167 1972 munus
1191 1916 1297 1971 siesse

329 2017 475 2085 oblatum,
491 2036 585 2090 neque
606 2017 679 2072 adeo
697 2037 732 2072 eo
751 2016 887 2088 consilio,
903 2029 935 2074 ut
954 2038 1045 2074 novas
1061 2031 1239 2096 proponeret
1254 2017 1298 2073 le-

331 2141 399 2196 ges,
423 2123 474 2178 sed
496 2123 596 2198 potius
618 2132 651 2176 ut
673 2120 768 2176 adhuc
786 2123 918 2196 vigentes
937 2121 1099 2195 colligeret,
1120 2123 1149 2177 in
1169 2123 1298 2177 ordinem

331 2225 495 2299 redigeret,
508 2235 536 2279 et
554 2238 585 2280 ut
605 2245 691 2302 supra
711 2226 880 2300 posuimus,
898 2245 932 2282 ex
945 2227 1064 2301 antiquo
1084 2239 1112 2281 et
1129 2226 1187 2280 sere
1209 2225 1298 2281 obso-

331 2328 390 2385 leto
407 2331 437 2385 in
453 2329 630 2385 usitatiorem
648 2330 817 2386 transferret
835 2349 1013 2400 sermonem,
1026 2330 1112 2385 nobis
1126 2350 1298 2406 persuasum

331 2444 386 2488 est.
424 2434 497 2490 Nam
520 2446 635 2510 praeter
656 2434 718 2490 iilos
739 2434 893 2509 quotannis
911 2446 1018 2491 statuto
1034 2445 1167 2509 tempore
1187 2445 1298 2490 creatos

330 2536 541 2604 Nomothetas‚
568 2537 721 2613 aliquando
755 2558 871 2613 quoque
902 2537 1129 2595 Extraordinarii
1157 2549 1224 2594 sunt
1246 2538 1299 2593 de-

331 2642 415 2709 lecti,
438 2650 469 2697 ut'
486 2662 521 2698 ex
538 2661 588 2710 eo,
614 2642 692 2716 quod
720 2654 789 2716 post
807 2653 923 2697 exactos
945 2642 1169 2717 Triginta-viros
1189 2643 1299 2697 sactum

336 2748 374 2801 ab
390 2748 511 2802 Asnoe.
529 2747 562 2800 de
578 2745 667 2818 Myrt.
696 2767 728 2821 p.
748 2744 785 2803 36
804 2744 890 2809 nohis
915 2744 1057 2815 traditur,
1084 2745 1299 2822 cognoscimus.

333 2853 368 2906 In
387 2871 421 2906 eo
438 2835 522 2905 'enim
547 2851 742 2926 psephismate
763 2851 791 2906 οἱ
819 2848 955 2925 ᾑρημένοι
983 2852 1157 2921 Νομοθέται
1173 2851 1228 2908 ὑπὸ
1250 2856 1299 2922 τῆς

333 2954 455 3028 βουλῆς,
474 2955 535 3012 scil.
556 2954 799 3024 Extraordinarii,
818 2965 1007 3030 opponuntur
1021 2954 1074 3011 illis
1093 2956 1142 3031 qui
1159 2962 1187 3014 οἱ
1202 2967 1297 3033 Νομο-

333 3062 423 3119 θὲται
449 3062 477 3116 οἱ
500 3063 689 3117 πεντακόσιοι
708 3061 771 3132 (l),
802 3058 854 3123 οὓς
880 3062 909 3114 οἱ
935 3060 1061 3133 δημόται
1085 3065 1216 3134 εἴλοντο,
1238 3062 1300 3121 scil.

338 3274 623 3296 m

329 3425 408 3468 sura,
426 3423 502 3470 quum
522 3413 640 3456 securata
656 3403 852 3469 instituebatur}
864 3405 1017 3472 inquisitio,
1034 3415 1131 3456 essetne
1157 3402 1196 3453 lex
1213 3399 1299 3471 aliqua

332 3497 410 3548 alteri
436 3494 564 3547 contraria
593 3493 663 3560 legi?
692 3504 806 3544 essentne
833 3491 918 3560 plures
943 3492 1048 3559 singulis
1075 3491 1105 3541 de
1138 3491 1212 3543 rebus
1239 3510 1302 3560 prr-

329 3586 456 3653 scriptun
475 3582 584 3652 quodsi
603 3583 758 3640 accidisset,
785 3582 908 3633 alterutra
931 3580 1040 3631 delenda
1064 3592 1143 3633 esset:
1172 3598 1237 3649 quae
1255 3594 1299 3633 ta-

334 3691 392 3724 men
413 3691 454 3725 res
478 3673 534 3724 sine
556 3671 718 3724 Nomothetis
739 3670 827 3737 perfici
857 3669 986 3736 nequibat.
1030 3667 1069 3722 cf.
1094 3667 1242 3723 Schoem.
1266 3673 1299 3720 de

336 3767 409 3819 Corn.
428 3781 453 3830 p.
472 3763 530 3817 259.

343 3850 404 3903 ,De
423 3850 515 3907 horum
542 3848 760 3905 Nomothetarum
788 3865 892 3897 munere
919 3857 945 3897 et
968 3845 1055 3912 legum
1071 3862 1176 3899 censura
1193 3844 1298 3896 omniuo

331 3956 426 4008 operae
443 3950 483 3991 est
498 3940 609 4007 pretium
627 3934 743 3988 conferre
762 3934 853 3990 Dem.
871 3934 1017 3986 Orationes
1044 3938 1105 3988 adv.
1133 3935 1251 3986 Timocr.
1269 3944 1300 3983 et

331 4031 425 4094 Lapa,
440 4023 504 4075 Wo
514 4023 524 4074 l
533 4023 545 4074 f
550 4024 575 4074 ii
592 4026 708 4093 Prolog.
717 4028 747 4076 in
759 4028 840 4093 Lept·
855 4035 882 4075 et
894 4022 1003 4076 Sehoe
1013 4043 1046 4079 m.
1063 4021 1109 4077 l.l.
1120 4041 1146 4091 p.
1156 4021 1298 4075 250-270.

369 4116 410 4179 (1)
430 4111 468 4164 De
490 4112 537 4161 hoe
554 4129 658 4162 numero
681 4111 715 4164 ef.
748 4110 855 4165 Wolf.
882 4113 957 4164 Ptol.
979 4116 1018 4166 ad
1043 4118 1124 4179 Lept.
1152 4112 1194 4179 (in
1213 4109 1298 4160 Deba.

332 4203 476 4261 Betthar.
489 4202 551 4259 Art.
570 4200 619 4255 rol.
632 4199 674 4257 Vl.
692 4219 718 4272 p.
730 4201 792 4268 386)
809 4203 836 4253 in
853 4212 940 4255 annet.
957 4201 1107 4257 Schoem
1124 4202 1156 4252 de
1166 4202 1238 4252 Com.
1250 4195 1304 4259 Η,
