2967 5092
686 564 709 633 9

211 744 289 811 iarn,
308 743 340 798 in
359 764 417 818 quo
436 744 556 820 Satyrus
571 756 600 798 et
615 743 759 801 Chremen
780 745 828 816 (l)
849 745 1003 822 plurimum
1017 750 1171 822 valebant,

213 864 271 918 quo
280 846 532 905 Srnomarcmnns
546 850 772 905 cecinerim
786 850 888 924 aliique
905 852 988 907 multi
1001 852 1171 927 honestique

210 952 360 1026 perierunt
377 954 467 1010 cives.

248 1058 467 1114 Accusationem
498 1056 538 1133 (ξ.
558 1054 606 1125 17)
639 1056 811 1131 impietatis,
841 1076 927 1130 quam
964 1059 1035 1128 sibi,
1064 1061 1175 1137 qnippe

210 1161 261 1233 qui
277 1180 356 1217 sacra
373 1161 567 1230 diminuisset,
583 1180 665 1216 reum
681 1162 843 1216 affictnrum
859 1161 1116 1233 animadverterat,
1132 1166 1173 1221 ita

206 1275 355 1340 retorquet
378 1268 498 1335 Orator,
519 1277 552 1321 ut
578 1264 671 1320 dicat:
698 1284 757 1319 non
778 1264 876 1339 ipsum
897 1265 1030 1341 λέγοντα,
1059 1265 1097 1329 ὡς
1117 1268 1174 1343 χρή

206 1373 298 1425 θύειν
313 1372 363 1434 τὰς
379 1374 487 1433 θυσίας
502 1372 553 1433 τὰς
567 1369 600 1426 ἐκ
614 1371 671 1424 τῶν
686 1367 815 1443 κύρβεων
828 1375 877 1423 καὶ
892 1370 949 1424 τῶν
964 1371 1059 1426 ὅπλων
1069 1376 1116 1443 (ut
1130 1382 1176 1428 est

207 1473 239 1528 in
254 1473 364 1544 codd.)
381 1477 453 1531 nurci
470 1479 521 1538 τὰς
534 1473 786 1551 συγγραφάς-(1ο
796 1473 904 1548 quibus
917 1473 991 1530 infra
1006 1494 1173 1551 agemus-

206 1597 289 1634 reum
306 1597 473 1649 accusasse,
494 1579 546 1637 sed
558 1580 650 1656 ipsius
667 1578 800 1635 Civitatis
824 1578 940 1634 decreta
955 1608 994 1622 -
1012 1586 1105 1636 ταῦτα
1119 1584 1173 1657 γάρ

207 1682 290 1754 ὑμεῖς
303 1682 490 1755 ἐψηφίσασθε
505 1716 544 1729 -
560 1684 738 1761 improbare.
765 1684 830 1738 Non
846 1696 942 1738 tamen
958 1683 994 1738 de
1010 1685 1079 1754 iliis,
1097 1704 1172 1760 quae

206 1788 345 1864 pietatem
360 1799 492 1864 spectant
503 1788 741 1856 ,Nicomsouum
755 1786 934 1842 audiendum
951 1806 1013 1842 ease
1023 1830 1032 1856 ,
1042 1789 1093 1844 sed
1106 1768 1172 1845 'eius

204 1891 279 1949 sacta
298 1890 506 1949 consideranda
526 1891 672 1946 admonet.

244 1996 453 2051 Nicomacflus
470 1994 562 2063 enirn,
584 2004 616 2049 ut
630 2004 727 2050 narrat
741 1993 864 2060 Orator,
878 1997 935 2050 τῶν
950 1995 1036 2071 ἱερῶν
1049 1994 1173 2073 ἀναγρα-

206 2101 281 2171 φεύς
292 2101 385 2156 sactus
395 2143 402 2169 ,
413 2099 479 2176 plus
491 2118 575 2173 quam
586 2116 658 2172 quae
666 2096 728 2173 lege
737 2097 870 2153 mandata
881 2109 977 2154 essent
989 2098 1168 2169 adscribens,

207 2204 319 2273 effecit,
341 2225 377 2260 ne
398 2203 509 2260 reditus
527 2202 706 2268 sufficerent,
728 2200 835 2276 quibus
858 2222 938 2257 sacra
955 2202 1018 2275 lege
1039 2203 1173 2260 Sonoms

208 2309 366 2364 constituta
380 2341 419 2354 -
436 2310 470 2364 roi
489 2312 597 2381 πατρία
614 2338 653 2351 -
676 2301 904 2378 perficerentur-3
926 2306 966 2360 ite
991 2315 1037 2374 nt,
1059 2307 1170 2382 inquit,

206 2431 281 2468 enno
302 2414 477 2489 praeterito,
506 2431 587 2467 sacra
607 2409 696 2484 τριῶν
717 2410 863 2462 ταλάντων
885 2409 941 2462 τῶν
964 2406 996 2462 ἑν
1016 2419 1080 2472 ταῖς
1101 2414 1175 2485 κύρι,
1257 2468 1260 2472 ⁸

206 2518 271 2590 βεεν
287 2518 480 2594 γεγραμμένων
498 2514 595 2571 ἄθυτα
610 2509 732 2579 suerint,
752 2512 772 2565 i.
782 2529 808 2566 e.
828 2512 883 2565 tria
902 2509 1023 2578 talenta,
1045 2511 1169 2585 quibus,

205 2632 239 2675 ut
263 2640 342 2677 sacra
368 2620 414 2676 illa
445 2618 539 2697 patria
564 2615 790 2694 perficerentur,
821 2633 896 2689 opus
920 2627 994 2683 erat,
1023 2614 1172 2673 desidera·

205 2734 320 2779 rentur:
337 2735 367 2779 et
384 2742 417 2778 ea
430 2744 489 2779 non
505 2733 661 2799 propterea
679 2719 777 2777 ἄθυτα
788 2718 959 2791 manebant,
980 2718 1077 2794 quod,
1096 2741 1170 2796 quae

206 2828 294 2883 sacris
318 2827 353 2882 de
379 2828 498 2904 publico
521 2825 761 2891 destinabantur,
783 2821 842 2891 οὔχ
862 2825 947 2879 ἱκανά
964 2817 1013 2893 ἢν,
1035 2823 1088 2881 sed
1104 2825 1172 2900 quia

204 2930 415 2986 Nicomacnus
442 2930 514 2985 haec
538 2930 577 2983 ita
607 2925 851 3002 amplificaveret,
880 2937 912 2981 ut
935 2928 1089 2998 quotannis
1114 2949 1170 3005 pro

203 3032 299 3089 tribus
313 3033 443 3100 talentis,
464 3052 479 3087 e
500 3031 632 3086 Sououls
650 3026 764 3102 legibus
780 3026 869 3081 sacris
886 3026 1052 3097 destinatis,
1063 3050 1170 3088 novem

201 3136 430 3211 requirerentur.
470 3135 563 3205 Quam
580 3132 618 3188 ad
637 3151 697 3188 rem
716 3129 944 3189 confirmandam
967 3141 1057 3189 testes
1074 3135 1170 3192 citan-

201 3251 259 3296 tur.

243 3346 396 3403 Praetexta
415 3346 504 3402 utitur
519 3342 742 3413 Nlcotuacnus,
755 3362 785 3399 se
801 3343 932 3420 pietatis,
951 3361 1009 3397 nun
1025 3343 1172 3419 parsimo-

203 3448 286 3518 niae,
304 3469 390 3506 ceusa
408 3450 479 3506 haec
499 3447 706 3523 adscripsisse3
729 3466 877 3521 quaeque,
897 3444 1051 3523 populosi
1073 3447 1169 3505 minus

204 3552 352 3629 placeant,
364 3554 450 3613 deleri
464 3551 656 3630 posse,dicit.
680 3549 761 3604 Hanc
776 3561 870 3606 autem
886 3549 1099 3606 excusationem
1116 3550 1170 3608 da·¹

205 3675 304 3711 mnum
314 3697 321 3723 ,
333 3676 390 3730 quo
405 3655 450 3712 itte
466 3655 584 3711 biennio
598 3652 753 3710 duodecim
767 3652 879 3709 talentis
892 3653 970 3709 ultra·
981 3671 1066 3728 quam
1077 3672 1170 3730 opor.

205 3759 288 3815 tebet
304 3759 448 3815 civitatem
463 3758 667 3826 mulctaverat,
687 3776 748 3812 non
763 3756 929 3827 restituere,
951 3768 1049 3813 monet
1062 3757 1170 3817 Orator

206 3863 231 3938 ᾖ.
247 3863 301 3919 212
322 3872 351 3917 et
367 3861 496 3936 inprimis
521 3862 574 3917 hoc
598 3859 738 3935 temporis
761 3861 873 3935 spatio,
900 3880 956 3937 quo
985 3862 1167 3939 respublica

207 4029 506 4048 Μ

241 4103 283 4169 (1)
304 4101 362 4158 vid.
381 4101 448 4153 infra
465 4116 520 4154 aun.
539 4103 569 4155 ad
588 4103 642 4160 tt.
