2967 5092
634 534 678 599 55

161 717 258 773 etiam
275 713 383 791 p.381.
404 713 488 771 Orat.
504 713 537 769 de
552 714 636 771 Fals.
647 715 719 790 leg.
732 715 935 781 confirmatur,
957 715 1008 770 ubi
1024 717 1136 779 tubulas

160 840 179 874 a
206 837 297 874 servo
328 815 448 893 publico
465 817 606 872 custodiri
622 818 707 886 dicit,
729 817 760 873 ἑν
781 828 842 881 τοῖς
856 828 969 881 κοινοῖς
985 829 1047 882 τοῖς
1072 820 1124 891 rius

160 924 268 998 τέροις
294 921 457 998 γράμμασιν
482 919 514 977 ἐν
539 922 576 999 τῷ
598 922 731 997 Μητρῴῳ
758 927 841 978 τοῦτ’
865 921 960 986 ἐστὶν,
991 922 1038 993 ἐφ’
1059 912 1138 984 οἷςό

161 1029 316 1100 δημόσιος
344 1025 505 1087 situatae:
543 1025 638 1081 obiter
665 1025 953 1081 animadvertendum
981 1038 1049 1097 est,
1083 1025 1140 1084 hoc

160 1133 258 1188 Dans.
282 1129 347 1186 loco
378 1130 494 1186 minime
522 1129 615 1186 everti
647 1130 818 1186 sententiam
851 1148 975 1199 eorum,
1006 1130 1056 1205 qui
1082 1142 1141 1188 sta-

162 1245 275 1303 tuunt,
306 1233 435 1303 scribae,
466 1233 514 1308 qui
542 1233 559 1289 ὁ
589 1233 661 1288 κατὰ
691 1239 865 1308 πρυτανείαν
890 1233 1072 1303 vocabatur,
1099 1235 1143 1290 le-

165 1359 242 1414 gum
261 1349 291 1394 et
317 1337 482 1394 tabularum
507 1335 704 1413 publicarum,
738 1358 792 1415 per
808 1359 889 1396 suam
906 1339 1070 1415 Prytaniam
1088 1359 1143 1396 cu·

160 1464 231 1500 ram
260 1442 351 1499 fuisse
379 1439 516 1497 oblatam.
554 1440 627 1497 Nam
650 1442 805 1499 verisimile
836 1457 896 1514 est,
928 1456 1043 1521 praeter
1063 1442 1140 1501 hune

169 1546 303 1604 scribam
326 1543 499 1622 Prytaniae,
531 1562 650 1636 servum
666 1546 838 1622 publicum,
863 1547 931 1605 huic
957 1547 1138 1639 subiectum,

159 1649 283 1726 legibus
303 1648 479 1724 praefuisse,
513 1648 595 1705 cuius
617 1662 695 1707 esset
724 1670 831 1708 munus
861 1651 958 1726 legum
983 1652 1137 1708 servanda-

164 1773 254 1824 rum,
275 1752 363 1830 inque
383 1751 513 1810 ordinem
525 1752 769 1828 redigendarum,
790 1754 829 1811 cf.
846 1755 984 1813 annom.
1002 1757 1035 1811 de
1058 1756 1140 1813 Gom.

161 1879 199 1936 p.
218 1855 290 1915 319.
328 1856 447 1916 Clavem
470 1876 636 1926 sacrorum,
664 1857 717 1913 ubi
739 1859 882 1936 pecuniae
899 1858 1034 1935 publicae
1053 1870 1144 1916 etta·

161 1962 256 2031 hulae
271 1972 355 2018 erant
380 1959 470 2029 sitae,
490 1959 571 2035 apud
585 1960 749 2037 Epistatem
771 1961 935 2041 depositam
955 1963 1062 2032 fuisse,
1083 1984 1142 2020 no-

160 2067 213 2124 his
231 2066 332 2122 Pom..
349 2065 436 2126 VIII.
454 2061 491 2122 96
507 2076 682 2122 auctorest.

202 2170 290 2228 Haec
310 2178 392 2239 suut,
415 2185 488 2242 quae
505 2166 541 2224 de
565 2168 697 2225 Souours
726 2164 825 2246 legum
848 2171 1067 2228 conservatione
1085 2192 1142 2228 no-

160 2275 258 2335 tanda
275 2292 394 2332 necesse
412 2271 570 2350 putabam:
589 2273 786 2352 psephismata
810 2285 923 2346 autem,
945 2276 1054 2352 quippe
1068 2295 1140 2351 quae

163 2382 305 2438 Sonours
334 2389 427 2436 aetate
459 2378 645 2448 recentiora,
673 2397 768 2453 neque
795 2379 900 2435 adius
923 2378 1005 2434 civile
1029 2391 1058 2433 et
1080 2401 1141 2456 pu.

162 2485 280 2542 biicum
299 2481 489 2561 pertinentia,
521 2482 574 2538 sed
595 2482 631 2538 de
653 2482 773 2556 singulis
800 2481 889 2537 rebus
906 2493 956 2537 aut
975 2481 1141 2540 hominibus

165 2587 342 2656 constituta,
362 2604 507 2662 exponere
530 2606 590 2642 non
616 2598 660 2644 est
674 2586 760 2643 huius
784 2586 855 2655 loci,
876 2585 929 2642 sed
945 2585 1139 2643 conferendus

166 2702 215 2747 est
239 2688 393 2766 peculiaris
405 2666 447 2744 ¹de
463 2690 596 2746 Decretis
612 2690 831 2749 Atheniensium
848 2711 864 2746 a
882 2692 998 2747 Braoro
1013 2691 1140 2768 scriptus

168 2796 263 2864 liber,
293 2807 322 2850 et
348 2793 484 2851 Scironia.
510 2793 544 2850 de
567 2794 647 2851 Com.
674 2794 790 2873 p,217.
816 2795 879 2868 (l).
917 2796 1028 2853 Horum
1054 2782 1141 2852 etiam

163 2900 263 2967 Istic,
294 2897 404 2973 quippe
441 2915 514 2972 quae
541 2897 660 2972 singulis
696 2898 799 2973 popuii
828 2900 1018 2956 concionibus
1047 2900 1139 2971 cuivis

165 3018 337 3081 proponere
370 2998 475 3068 licuit,
505 3019 521 3053 a
545 2999 641 3074 legum
674 2999 780 3053 latione
806 2998 889 3055 valde
923 3002 978 3057 suit
1013 3002 1140 3061 diversa.

152 3103 399 3187 ‚Souomsenim
428 3102 540 3176 legum,
569 3122 606 3157 ne
629 3102 659 3157 in
680 3112 848 3177 postorum,
870 3103 897 3160 si
919 3105 1012 3162 cuivis
1035 3107 1141 3181 quovis

167 3432 238 3501 leges
259 3438 363 3491 tradere
387 3435 490 3505 uoluit3
523 3435 590 3505 quod
615 3436 647 3488 de
671 3434 802 3489 Axouibus
823 3435 887 3502 ipsis
912 3434 1025 3505 intelligi
1041 3436 1141 3504 nequit,

169 3521 368 3578 Atheniensium
396 3537 530 3594 praeterea
551 3523 684 3586 studium,
702 3541 752 3592 quo
780 3524 866 3575 omnia
881 3564 889 3591 ‚
905 3541 970 3592 quae
993 3525 1023 3575 ad
1044 3524 1142 3576 eivita-

169 3620 224 3662 tem
249 3623 275 3663 et
297 3612 352 3663 eius
378 3613 631 3667 administrationem
660 3612 812 3680 pertinent,
844 3611 1034 3668 vetustissimae
1059 3612 1142 3667 aetati

169 3695 286 3749 tribuere
312 3712 482 3770 conarentur,
509 3701 637 3768 cognitum
667 3710 712 3752 est.
750 3699 806 3750 Non
828 3698 908 3766 igitur
933 3701 1026 3751 mirum
1052 3718 1141 3755 omnes

169 3784 257 3852 leges,
275 3784 336 3838 lieet
354 3799 438 3841 aetate
455 3790 628 3850 recentiores,
647 3788 797 3856 plerumque
814 3788 914 3841 solenni
932 3787 1070 3842 Solonis
1088 3807 1140 3843 uo-

172 3876 241 3925 mine
259 3874 332 3943 quasi
360 3888 462 3928 ornatas
490 3878 586 3946 fuisse,
612 3889 640 3930 ut
666 3877 848 3929 difficillimum
867 3896 941 3946 saepe
968 3880 1023 3948 sit,
1039 3888 1140 3948 quae'a

171 3960 311 4052 Solonis
340 3979 454 4033 quaeque
479 3965 510 4017 ab
536 3965 646 4019 aliorum
664 3966 839 4034 legislatorum
858 3978 972 4035 tempore
991 3967 1074 4036 repeti
1091 3967 1139 4020 de-

171 4047 265 4117 beant,
281 4050 398 4103 definire.

208 4138 250 4208 (l)
270 4139 307 4195 Gi.
326 4158 402 4210 perro
421 4137 599 4195 Hermann.
620 4147 712 4213 comp.
731 4142 799 4196 Ant.
823 4146 871 4195 Gr.
890 4146 913 4212 §.
931 4143 974 4198 67.
992 4160 1018 4198 n.
1035 4144 1060 4198 8.
