2967 5092
633 559 675 624 ,ι

168 744 202 798 ol
225 745 343 820 κύρβεις
362 777 400 790 -
415 748 515 799 Ἔνιοι
531 742 564 800 δι’
579 762 671 815 φασιν
686 744 767 807 ἰδίας
786 741 817 799 ἔν
831 733 875 808 οἷς
891 744 952 820 ἱεροὶ
970 751 1018 802 καὶ
1032 749 1139 804 θυσίαι

17 844 19 881 l
169 848 361 923 περιέχονται
385 848 517 922 κύρβεις,
546 846 648 911 ἄξονας
672 845 704 903 di
730 850 802 910 τούς
828 847 931 912 ἄλλους
954 848 1139 923 ὠνομάσθαι·

169 951 302 1007 Primum
322 951 609 1007 animadvertendum
626 964 686 1021 est,
708 952 804 1008 Pnnr.
830 973 953 1023 annues,
976 955 1082 1029 quibus
1097 955 1140 1010 le-

173 1074 228 1129 ges
246 1056 405 1133 insculptae
422 1067 533 1127 essent,
547 1055 656 1131 ligneos
671 1057 760 1114 fuisse
777 1058 894 1126 testari,
919 1079 1044 1133 quocum
1055 1061 1142 1114 lisn-

175 1176 271 1215 roos.
288 1172 317 1215 et
335 1159 451 1214 Surnss
467 1160 498 1215 in
521 1179 587 1215 voc.
605 1172 633 1216 et
649 1162 727 1216 Lex.
750 1161 887 1216 Securo.
914 1181 946 1237 p.
965 1162 1022 1219 ‘tot
1038 1175 1067 1217 et
1081 1160 1137 1218 ²113

175 1264 366 1320 conveniunt.
405 1265 538 1320 Pomm
553 1275 653 1320 contra
668 1265 754 1325 VIII.
772 1263 836 1321 128.
861 1282 912 1321 eos
930 1284 1035 1323 aeneos
1054 1267 1143 1323 luisse

171 1366 273 1421 tradit.
302 1368 400 1436 Qunm
418 1379 514 1423 tamen
532 1368 717 1423 PLnrnncrss
738 1379 870 1445 tempore
896 1368 1034 1444 reliquiae
1051 1391 1143 1445 quae·

175 1467 244 1523 dam
261 1472 432 1547 superstites
449 1472 538 1529 luisse
557 1472 730 1543 videantur,
749 1486 854 1551 parum
880 1472 1016 1529 credibile
1038 1485 1082 1530 est
1108 1494 1143 1530 ex

175 1573 302 1649 simplici
318 1573 395 1650 ligno
414 1589 575 1634 exstructos
592 1578 681 1634 luisse
697 1597 748 1634 eos
771 1596 894 1644 aiones,
918 1577 993 1632 unde
1016 1577 1138 1633 sortasse

173 1677 353 1755 scriptorum
379 1680 526 1737 dissensus
552 1681 739 1758 explicandus
765 1691 830 1751 est,
861 1678 951 1735 silias
970 1679 1079 1753 ligneas
1096 1693 1143 1735 ta·

173 1780 262 1838 bulas
283 1801 378 1858 gypso
399 1782 446 1838 vel
471 1783 556 1839 simili
578 1785 720 1852 materia,
748 1795 781 1839 ut
800 1783 938 1840 vetustati
958 1774 1140 1850 resisterent,

171 1885 259 1942 illitas
282 1886 372 1941 luisse
400 1895 558 1942 statuamus
586 1887 652 1959 (l);
686 1887 733 1942 cui
755 1887 914 1942 sententiae
932 1866 1064 1942 *Snlnss
1092 1888 1142 1959 (2)

173 2011 237 2046 non
254 2009 419 2065 repugnare
437 1988 563 2045 videtur.
602 1991 714 2047 Eodem
730 1991 817 2048 modo
833 1993 930 2048 Pom..
946 1990 966 2047 l.
982 1990 1002 2047 l.
1025 1993 1144 2069 κύρβεις

171 2112 300 2161 aeneos,
330 2093 490 2150 Hnnroctt.
515 2093 645 2170 lapideos
672 2097 760 2153 fuisse
792 2107 914 2152 testatur
941 2091 1002 2168 (3).
1049 2099 1145 2155 Etiam

171 2196 351 2252 sormainter
368 2213 398 2251 se
416 2196 548 2255 diversos
565 2200 653 2257 luisse
664 2220 763 2258 omnes
778 2212 894 2278 praeter
905 2200 1142 2260 Hesrc'rrt'um-

173 2301 280 2363 ἄξονας
300 2312 329 2355 et
347 2299 465 2375 κύρβεις
488 2303 713 2362 confundentem
726 2339 766 2351 -
778 2304 918 2375 indicant.
954 2306 1070 2363 Axones
1086 2309 1144 2364 sci-

169 2405 241 2463 licet
266 2405 397 2481 quadrati
419 2419 523 2478 erant,
554 2429 678 2487 quorum
712 2421 836 2483 quatuor
865 2408 1029 2485 parietibus
1063 2411 1142 2486 leges

121 2508 125 2513 ⁴
173 2524 260 2567 erant
282 2510 462 2586 insculptae,
484 2511 603 2586 κύρβεις
625 2513 773 2588 triquetri,
797 2512 1015 2588 πυραμοειὸεῖς,
1035 2513 1067 2569 in
1082 2515 1141 2590 Py-

173 2615 320 2674 ramidum
334 2616 456 2671 sormam
471 2615 616 2672 instructi.
654 2617 756 2693 Neque
775 2617 853 2694 leges
869 2638 925 2695 pro
951 2615 1071 2673 arbitrio
1098 2619 1142 2676 his

170 2716 232 2774 'aut
247 2716 301 2773 illis
313 2717 470 2794 inscriptae
484 2716 591 2774 tabulis
608 2717 726 2776 fuerunt
740 2719 801 2794 (4).
838 2721 977 2801 Axones,
1000 2733 1032 2778 ut
1050 2722 1145 2778 diser-

176 2825 215 2880 tis
240 2798 338 2879 verbis
355 2821 444 2878 tradit
459 2822 558 2879 Pom..
573 2821 593 2877 l.
611 2820 631 2878 l.
646 2841 695 2879 eas
712 2824 800 2881 modo
816 2823 911 2900 leges,
933 2844 1006 2902 quae
1021 2848 1144 2904 rempu-

176 2925 284 2982 blicam
298 2906 485 3001 spectabant,
505 2922 638 2999 publicas
653 2936 682 2980 et
699 2927 829 3000 privatas
846 2929 1051 3000 continebunt,
1073 2937 1141 3007 κύρ·

179 3029 244 3103 βεις
271 3027 365 3102 leges,
386 3027 424 3082 ad
448 3024 556 3081 cultum
582 3028 709 3082 Deorum
736 3039 765 3082 et
788 3027 928 3084 sacrificia
945 3033 1143 3105 pertinentes;

176 3151 367 3211 quamquam,
389 3143 421 3187 ut
435 3149 471 3187 ex
485 3131 581 3185 Peon.
597 3129 617 3185 l.
633 3129 720 3186 modo
740 3131 790 3188 cit.
812 3130 987 3207 colligImus‚
1007 3138 1141 3192 Aursro-

179 3290 514 3309 Μ

214 3402 258 3466 (1)
275 3399 336 3453 vit.
353 3398 448 3469 Biage
466 3397 498 3448 de
515 3401 598 3452 Dect.
616 3397 683 3454 Art.
702 3398 763 3467 Cap.
783 3397 902 3457 xxvtll.
918 3419 944 3471 p.
958 3403 1017 3461 347.

213 3488 256 3556 (2)
273 3488 304 3540 ln
320 3506 372 3543 voc.
392 3489 533 3551 λεύκωμα,
552 3493 645 3552 τοῖχος
660 3487 738 3555 γύψῳ
755 3488 934 3554 ἀληλιμμένος
950 3492 1018 3560 πρὸς
1034 3494 1142 3562 γραφὴν

184 3577 331 3629 πολιτικῶν
355 3578 522 3644 πραγμάτων
541 3575 714 3642 ἐπιτήδειος,
731 3577 763 3627 de
777 3575 906 3628 Axonilruc
932 3577 967 3632 cl.
985 3579 1064 3630 etiam
1081 3581 1145 3632 lic-

183 3663 277 3733 sych.
290 3665 324 3715 in
341 3672 416 3733 τρεῖς
434 3664 500 3714 θεοί
518 3672 547 3714 et
562 3661 683 3716 Suitlas
700 3663 728 3714 in
746 3680 769 3719 v.
788 3664 919 3733 ὄρμεῶκες
936 3666 1003 3718 nndc
1021 3666 1143 3721 discimus

184 3752 358 3814 Seleucum
384 3752 411 3804 in
433 3750 572 3803 Solonis
591 3739 682 3803 axooes
697 3751 830 3820 scripsisse
847 3751 1079 3812 Commentariun.

217 3842 258 3907 (3)
277 3837 324 3892 eff.
352 3837 469 3891 Suidas
498 3843 526 3892 in
546 3859 609 3891 voce
633 3850 660 3892 et
685 3839 817 3895 Ruunt.
842 3842 873 3893 ad
910 3842 1048 3898 Timaei
1074 3851 1141 3904 Lex.

182 3928 269 3986 etat,
292 3947 318 3998 p.
333 3930 391 3983 170.
416 3928 447 3978 de
473 3928 572 3996 origine
589 3928 705 3981 vocabuli
724 3929 804 3981 etiam
823 3930 994 3991 conserendus
1008 3946 1049 3989 cst
1066 3936 1141 3989 Sui·

180 4017 249 4073 dae.

219 4109 258 4170 (l)
278 4105 510 4173 Cliilarpocr.
535 4104 985 4168 suid.nTimaeml.t‚l.t
1020 4108 1139 4169 lllcurs.

188 4195 279 4249 Soron.
297 4192 358 4262 Cap.
376 4193 464 4250 xxtv.
482 4212 507 4262 p.
524 4194 557 4247 88
573 4210 629 4264 sqq.
664 4193 759 4263 Bias.
778 4193 796 4251 l.
814 4194 832 4250 l.
