2967 5092
804 551 907 646 so,

339 742 470 819 'tempore
497 740 586 798 sacilis
621 738 855 816 abrogandarum
885 734 1084 810 novarumque
1119 735 1304 792 serendarum

338 857 417 903 esset
436 845 572 914 facultas,
594 845 751 900 auctoritas
767 842 962 912 minueretur,
983 841 1162 916 diligentera
1179 839 1302 895 Sonoun

342 963 404 1007 erat
429 951 591 1026 provisum.
638 947 801 1018 Quotannis
824 956 931 1002 statuto
958 957 1090 1021 tempore
1111 943 1225 1020 legibus
1245 956 1307 1000 erat

339 1064 481 1123 cautum,
514 1052 702 1111 Nomothetus
734 1072 770 1107 ex
794 1050 986 1105 Heliastarum
1019 1048 1119 1104 ordine
1148 1068 1166 1103 a
1192 1049 1306 1125 populo

341 1160 448 1229 creari,
469 1170 502 1215 ut
520 1158 556 1213 de
571 1156 656 1216 novis
670 1153 786 1230 legibus
802 1152 1001 1229 proponendis
1022 1153 1230 1228 veteribusque
1246 1153 1305 1210 tol-

338 1263 432 1322 lendis
460 1271 597 1337 agerent,
627 1278 683 1334 quo
712 1269 845 1333 tempore
868 1258 955 1312 unico
979 1269 1012 1314 ut
1027 1255 1105 1331 leges
1126 1268 1306 1313 mutarentur

343 1368 419 1424 serre
450 1363 560 1421 licitum
588 1376 668 1433 erat,
699 1363 778 1438 quod
808 1361 1047 1420 Nomothetarum
1079 1380 1185 1417 munus
1219 1381 1307 1437 supra

341 1468 368 1545 ξ.
381 1468 411 1526 2.
429 1467 524 1524 obiter
539 1466 697 1540 attigimus.
735 1464 837 1541 Ample
856 1465 999 1542 docteque
1016 1484 1118 1522 eorum
1136 1485 1239 1522 munus
1254 1484 1308 1522 ex-

343 1573 444 1652 posuit
467 1571 605 1627 Scnonur.
630 1571 663 1625 de
690 1570 771 1629 Com.
798 1591 831 1646 p.
855 1569 913 1629 250
932 1602 973 1618 -
988 1567 1054 1627 270.
1078 1568 1146 1644 (1).
1191 1569 1308 1624 Praeter

342 1676 417 1733 hanc
439 1695 564 1731 annuam
595 1673 692 1749 legum
715 1692 886 1745 censuram,
914 1674 968 1730 alia
994 1674 1080 1730 etiam
1102 1670 1166 1727 fieri
1181 1671 1307 1743 solebat,

344 1793 378 1838 ut
391 1781 568 1835 Aisoumas
585 1778 617 1833 in
634 1777 762 1853 Ctestjvlt.
787 1797 819 1854 p.
836 1776 884 1836 59.
902 1778 1003 1855 steph.
1020 1789 1133 1834 narrat:
1152 1775 1310 1850 διαρρήδην

343 1884 553 1960 προςτέτακιαι
582 1892 644 1946 τοῖς
677 1883 880 1956 θεσμοθέταις
909 1888 980 1941 καθ’
1016 1881 1137 1941 ἕκαστον
1173 1880 1310 1939 ἐνιαυτὸν

345 1990 492 2063 διορθοῦν
515 1985 547 2041 ἑν
572 1988 611 2061 τῷ
634 1985 714 2060 δήμῳ
740 1994 811 2051 τούς
832 1991 938 2063 νόμους
969 1987 1097 2071 ἀκριβῶς
1122 1986 1310 2059 ἐξετάσαντας

346 2098 397 2151 καί
418 2090 631 2165 σκεψαμένους,
652 2092 680 2145 εί
704 2111 750 2153 τις
767 2089 977 2170 ἀναγέγραπται
995 2095 1084 2167 νόμος
1100 2091 1230 2156 ἐναντίος
1247 2093 1312 2150 ἑτέ-

348 2222 388 2274 ρῳ
408 2200 503 2270 νόμῳ,
526 2195 543 2266 ἢ
564 2193 667 2269 ἄκυρος
689 2192 721 2249 ἑν
737 2204 800 2258 τοῖς
816 2189 942 2272 κυρίοις,
971 2196 990 2268 ἢ
1013 2199 1043 2253 εἴ
1057 2201 1114 2254 πού
1142 2201 1202 2253 εἰσι
1224 2199 1313 2269 νόμον

348 2306 466 2365 πλείους
480 2300 546 2364 ε’νός
565 2298 807 2381 ἀναγεγραμμένοι
822 2303 888 2376 περὶ
907 2301 1030 2372 ἑκάστης
1052 2303 1177 2378 πράξεως
1195 2323 1220 2356 ν.
1240 2324 1266 2357 τ.
1285 2304 1311 2357 l.

348 2406 384 2462 de
402 2392 846 2482 quaThesmotheta1·umannua
861 2404 1060 2481 disquisitione
1076 2405 1152 2461 idem
1159 2404 1314 2479 viregrcg.

349 2512 487 2567 Scflonn.
506 2509 526 2564 l.
543 2508 563 2565 l.
580 2507 647 2566 259.
663 2508 805 2585 disputat.

386 2616 468 2669 Hanc
490 2624 585 2668 tamen
601 2613 817 2689 paragraphum
832 2612 994 2688 relinquere
1014 2613 1097 2688 prius
1120 2610 1203 2680 nolo,
1226 2628 1312 2686 quarn

348 2731 465 2776 nostrae
480 2714 628 2771 Orationis
642 2714 759 2785 locum,
781 2736 867 2791 quam
883 2735 971 2792 supra
987 2716 1089 2785 citavi,
1107 2713 1251 2789 explicare
1261 2733 1314 2768 co-

351 2834 438 2881 natus
453 2821 553 2877 luero:
571 2818 641 2874 dic1t
649 2837 755 2896 nempe
768 2818 795 2895 ξ.
807 2817 852 2877 17.
866 2829 961 2875 actor:
978 2819 1131 2895 χρήθύειν
1144 2819 1195 2880 τὰς
1205 2821 1316 2881 θυσίας

352 2930 404 2991 τὰς
420 2925 452 2982 ἑκ
465 2926 523 2981 τῶν
533 2921 663 3000 κύρβεων
670 2927 719 2980 καί
729 2925 788 2979 τῶν
798 2925 894 2980 ὅπλων
911 2922 1031 2996 [ΤΑῊι.
1039 2923 1166 2999 στηλῶν]
1177 2924 1249 2979 κατὰ
1263 2924 1315 2986 τοὶς

352 3032 526 3110 συγγραφὰς.
553 3030 579 3083 Ε
597 3048 684 3104 supra
699 3027 801 3099 dictis,
823 3046 896 3102 quae
913 3027 970 3084 sint
989 3028 1019 3085 αἱ
1035 3031 1142 3084 θυσίαι
1159 3029 1190 3084 αἱ
1206 3027 1240 3083 εἰι
1257 3029 1314 3084 τῶν

353 3137 500 3213 κύρβεων,
519 3130 647 3190 dubitari
659 3131 780 3208 nequit:
800 3130 999 3207 intelliguntur
1011 3132 1092 3208 ipsae
1110 3150 1259 3191 sacrorum
1275 3131 1318 3187 le·

356 3253 424 3316 get,
450 3259 467 3294 a
493 3237 615 3293 suono
639 3233 733 3305 latae,
762 3234 883 3312 lapideis
904 3235 1044 3292 columnis
1066 3236 1236 3313 inscriptae.
1272 3236 1320 3296 Ex

356 3345 479 3422 quibus,
500 3351 534 3397 ut
547 3358 563 3396 e
577 3357 659 3414 seqq.
677 3336 719 3413 ἐξ.
735 3336 890 3407 discimus,
911 3338 956 3395 his
974 3339 1064 3396 saeris
1086 3337 1141 3393 tria
1157 3337 1263 3405 talenta
1279 3339 1316 3395 de

352 3448 472 3530 publico
498 3443 719 3503 destinabantur
734 3442 866 3515 ,eadem
889 3463 971 3501 sacra
991 3441 1078 3498 etiam
1102 3441 1134 3496 ot
1154 3444 1260 3498 θυσίαι
1287 3443 1319 3501 ot

355 3649 646 3670 Μ

390 3764 430 3830 (l)
448 3760 521 3812 lianc
545 3767 628 3806 autern
657 3751 736 3819 legem
765 3751 920 3820 pedetentim
953 3752 981 3802 in
1005 3750 1197 3808 desuetudinem
1222 3753 1317 3806 abiisse

354 3849 477 3916 illamque
495 3846 578 3912 legem
597 3841 761 3893 serendarum
777 3841 904 3897 rationem
927 3840 1083 3906 invaluisse,
1102 3855 1128 3894 et
1153 3853 1183 3894 ut
1198 3842 1320 3909 psephis-

355 3948 443 3998 mata,
469 3937 505 3985 ita
528 3931 595 3999 leges
621 3947 720 3998 quoque
747 3930 775 3983 in
801 3928 914 3982 comitiis
938 3929 1008 3982 omui
1033 3942 1146 4000 tempore
1173 3929 1318 3998 propositas

356 4026 435 4077 luisse
453 4021 543 4076 Deru.
560 4019 587 4071 in
612 4020 734 4071 Timocr.
760 4035 785 4086 p·
802 4019 862 4071 774.
888 4030 914 4070 et
940 4022 1002 4071 adv.
1022 4023 1099 4089 Lept.
1116 4037 1141 4085 ρ.
1160 4021 1209 4070 tut
1220 4035 1257 4085 sq.
1276 4017 1318 4069 iu·

357 4116 436 4167 dicat.
470 4107 519 4159 Cll'»
546 4123 610 4176 quae
636 4105 856 4158 Schoemann·
875 4106 894 4161 l.
910 4109 928 4160 l.
952 4110 1048 4177 ntes.
1071 4119 1160 4159 contra
1186 4104 1319 4159 Woltii

356 4200 509 4259 sententiam
527 4196 555 4249 in
572 4196 685 4264 Proleg.
704 4198 740 4246 ad
758 4199 837 4263 Ιιιμί.
856 4196 1062 4264 promulgatum,
1079 4195 1202 4262 disputat.
