<?xml version="1.0" encoding="UTF-8"?>
<!DOCTYPE html PUBLIC "-//W3C//DTD XHTML 1.0 Transitional//EN"
    "http://www.w3.org/TR/xhtml1/DTD/xhtml1-transitional.dtd">
<html xmlns="http://www.w3.org/1999/xhtml" xml:lang="en" lang="en">
 <head>
  <title>
</title>
<meta http-equiv="Content-Type" content="text/html;charset=utf-8" />
  <meta name='ocr-system' content='tesseract 3.04.00' />
  <meta name='ocr-capabilities' content='ocr_page ocr_carea ocr_par ocr_line ocrx_word'/>
</head>
<body>
  <div class='ocr_page' id='page_1' title='image "./specimenliterar00weijgoog_0065.png"; bbox 0 0 2967 5092; ppageno 0'>
   <div class='ocr_carea' id='block_1_1' title="bbox 637 468 682 533">
    <p class='ocr_par' dir='ltr' id='par_1_1' title="bbox 637 468 682 533">
     <span class='ocr_line' id='line_1_1' title="bbox 637 468 682 533; baseline 0 0"><span class='ocrx_word' id='word_1_1' title='bbox 637 468 682 533; x_wconf 74' lang='lat' dir='ltr'><strong>ta</strong></span> 
     </span>
    </p>
   </div>
   <div class='ocr_carea' id='block_1_2' title="bbox 172 649 1151 2813">
    <p class='ocr_par' dir='ltr' id='par_1_2' title="bbox 172 649 1151 2813">
     <span class='ocr_line' id='line_1_2' title="bbox 176 649 1141 727; baseline -0.004 -13"><span class='ocrx_word' id='word_1_2' title='bbox 176 655 210 715; x_wconf 71' lang='grc' dir='ltr'><strong>ἰν</strong></span> <span class='ocrx_word' id='word_1_3' title='bbox 231 660 327 711; x_wconf 76' lang='grc' dir='ltr'><strong><em>τοίνυν</em></strong></span> <span class='ocrx_word' id='word_1_4' title='bbox 342 652 382 727; x_wconf 78' lang='grc' dir='ltr'><strong>τῷ</strong></span> <span class='ocrx_word' id='word_1_5' title='bbox 396 649 528 725; x_wconf 79' lang='grc' dir='ltr'><em>Μητρῴῳ</em></span> <span class='ocrx_word' id='word_1_6' title='bbox 552 652 627 724; x_wconf 78' lang='grc' dir='ltr'><em>παρὰ</em></span> <span class='ocrx_word' id='word_1_7' title='bbox 651 651 684 706; x_wconf 86' lang='grc' dir='ltr'><strong>τὸ</strong></span> <span class='ocrx_word' id='word_1_8' title='bbox 704 649 908 723; x_wconf 67' lang='grc' dir='ltr'><strong><em>βουλευτήριον</em></strong></span> <span class='ocrx_word' id='word_1_9' title='bbox 927 671 953 704; x_wconf 92' lang='grc' dir='ltr'><strong>κ.</strong></span> <span class='ocrx_word' id='word_1_10' title='bbox 970 673 995 706; x_wconf 87' lang='grc' dir='ltr'><strong>τ.</strong></span> <span class='ocrx_word' id='word_1_11' title='bbox 1012 655 1038 707; x_wconf 77' lang='lat' dir='ltr'><strong>l.</strong></span> <span class='ocrx_word' id='word_1_12' title='bbox 1077 654 1141 711; x_wconf 78' lang='lat' dir='ltr'><strong>Hoc</strong></span> 
     </span>
     <span class='ocr_line' id='line_1_3' title="bbox 172 753 1140 820; baseline 0 -5"><span class='ocrx_word' id='word_1_13' title='bbox 172 761 246 816; x_wconf 91' lang='lat' dir='ltr'><strong>loco</strong></span> <span class='ocrx_word' id='word_1_14' title='bbox 260 759 345 815; x_wconf 84' lang='lat' dir='ltr'><strong>ctiam</strong></span> <span class='ocrx_word' id='word_1_15' title='bbox 361 754 625 810; x_wconf 86' lang='lat' dir='ltr'><strong>Grammaticorum</strong></span> <span class='ocrx_word' id='word_1_16' title='bbox 634 753 837 811; x_wconf 81' lang='lat' dir='ltr'><strong>memorandus</strong></span> <span class='ocrx_word' id='word_1_17' title='bbox 854 765 898 808; x_wconf 90' lang='lat' dir='ltr'><strong>est</strong></span> <span class='ocrx_word' id='word_1_18' title='bbox 915 773 1011 820; x_wconf 85' lang='lat' dir='ltr'><strong>error;</strong></span> <span class='ocrx_word' id='word_1_19' title='bbox 1033 756 1140 815; x_wconf 77' lang='lat' dir='ltr'><strong>frustra</strong></span> 
     </span>
     <span class='ocr_line' id='line_1_4' title="bbox 176 856 1140 936; baseline -0.005 -17"><span class='ocrx_word' id='word_1_20' title='bbox 176 864 260 920; x_wconf 86' lang='lat' dir='ltr'><strong>enim</strong></span> <span class='ocrx_word' id='word_1_21' title='bbox 282 860 424 936; x_wconf 84' lang='lat' dir='ltr'><strong>explicare</strong></span> <span class='ocrx_word' id='word_1_22' title='bbox 449 869 479 913; x_wconf 88' lang='lat' dir='ltr'><strong>et</strong></span> <span class='ocrx_word' id='word_1_23' title='bbox 502 856 709 931; x_wconf 87' lang='lat' dir='ltr'><strong>interpretari,</strong></span> <span class='ocrx_word' id='word_1_24' title='bbox 741 857 812 933; x_wconf 91' lang='lat' dir='ltr'><strong>quid</strong></span> <span class='ocrx_word' id='word_1_25' title='bbox 838 860 921 915; x_wconf 74' lang='lat' dir='ltr'><strong>Dese.</strong></span> <span class='ocrx_word' id='word_1_26' title='bbox 949 857 978 914; x_wconf 91' lang='lat' dir='ltr'><strong>in</strong></span> <span class='ocrx_word' id='word_1_27' title='bbox 1002 858 1085 916; x_wconf 81' lang='lat' dir='ltr'><strong>Orat.</strong></span> <span class='ocrx_word' id='word_1_28' title='bbox 1108 862 1140 914; x_wconf 77' lang='lat' dir='ltr'><strong>in</strong></span> 
     </span>
     <span class='ocr_line' id='line_1_5' title="bbox 175 960 1144 1040; baseline -0.004 -16"><span class='ocrx_word' id='word_1_29' title='bbox 175 966 329 1026; x_wconf 79' lang='lat' dir='ltr'><strong>Aristocr.</strong></span> <span class='ocrx_word' id='word_1_30' title='bbox 348 986 376 1040; x_wconf 91' lang='lat' dir='ltr'><strong>p</strong></span> <span class='ocrx_word' id='word_1_31' title='bbox 397 960 462 1019; x_wconf 81' lang='grc'><strong>629.</strong></span> <span class='ocrx_word' id='word_1_32' title='bbox 483 963 534 1018; x_wconf 87' lang='grc' dir='ltr'><strong>τὸν</strong></span> <span class='ocrx_word' id='word_1_33' title='bbox 560 962 692 1018; x_wconf 77' lang='grc' dir='ltr'><strong>κάτωθεν</strong></span> <span class='ocrx_word' id='word_1_34' title='bbox 716 964 805 1036; x_wconf 84' lang='grc' dir='ltr'><strong><em>νόμον</em></strong></span> <span class='ocrx_word' id='word_1_35' title='bbox 823 961 1026 1038; x_wconf 84' lang='lat' dir='ltr'><strong>appellaverit,</strong></span> <span class='ocrx_word' id='word_1_36' title='bbox 1047 964 1144 1020; x_wconf 83' lang='lat' dir='ltr'><strong>conati</strong></span> 
     </span>
     <span class='ocr_line' id='line_1_6' title="bbox 176 1066 1143 1143; baseline -0.004 -16"><span class='ocrx_word' id='word_1_37' title='bbox 176 1083 250 1131; x_wconf 86' lang='lat' dir='ltr'><strong>sunt</strong></span> <span class='ocrx_word' id='word_1_38' title='bbox 275 1069 335 1141; x_wconf 79' lang='lat' dir='ltr'><strong>(l).</strong></span> <span class='ocrx_word' id='word_1_39' title='bbox 373 1069 482 1124; x_wconf 90' lang='lat' dir='ltr'><strong>Horum</strong></span> <span class='ocrx_word' id='word_1_40' title='bbox 506 1066 592 1124; x_wconf 90' lang='lat' dir='ltr'><strong>buius</strong></span> <span class='ocrx_word' id='word_1_41' title='bbox 616 1066 674 1123; x_wconf 92' lang='lat' dir='ltr'><strong>loci</strong></span> <span class='ocrx_word' id='word_1_42' title='bbox 692 1066 960 1143; x_wconf 78' lang='lat' dir='ltr'><strong>interpretationem</strong></span> <span class='ocrx_word' id='word_1_43' title='bbox 983 1086 1143 1124; x_wconf 85' lang='lat' dir='ltr'><strong>memorare</strong></span> 
     </span>
     <span class='ocr_line' id='line_1_7' title="bbox 175 1171 1144 1251; baseline -0.003 -20"><span class='ocrx_word' id='word_1_44' title='bbox 175 1190 394 1251; x_wconf 87' lang='lat' dir='ltr'><strong>supervacuum</strong></span> <span class='ocrx_word' id='word_1_45' title='bbox 426 1183 532 1237; x_wconf 86' lang='lat' dir='ltr'><strong>esset;</strong></span> <span class='ocrx_word' id='word_1_46' title='bbox 563 1171 691 1228; x_wconf 86' lang='lat' dir='ltr'><strong>omnium</strong></span> <span class='ocrx_word' id='word_1_47' title='bbox 721 1171 799 1226; x_wconf 90' lang='lat' dir='ltr'><strong>enim</strong></span> <span class='ocrx_word' id='word_1_48' title='bbox 831 1171 1000 1228; x_wconf 84' lang='lat' dir='ltr'><strong>sententiam</strong></span> <span class='ocrx_word' id='word_1_49' title='bbox 1034 1172 1144 1249; x_wconf 87' lang='lat' dir='ltr'><strong>optime</strong></span> 
     </span>
     <span class='ocr_line' id='line_1_8' title="bbox 178 1275 1148 1352; baseline -0.003 -16"><span class='ocrx_word' id='word_1_50' title='bbox 178 1281 355 1336; x_wconf 73' lang='lat' dir='ltr'><strong>Tmolius</strong></span> <span class='ocrx_word' id='word_1_51' title='bbox 378 1276 409 1332; x_wconf 92' lang='lat' dir='ltr'><strong>in</strong></span> <span class='ocrx_word' id='word_1_52' title='bbox 434 1277 519 1334; x_wconf 79' lang='lat' dir='ltr'><strong>Anu.</strong></span> <span class='ocrx_word' id='word_1_53' title='bbox 539 1276 582 1331; x_wconf 83' lang='lat' dir='ltr'><strong>ad</strong></span> <span class='ocrx_word' id='word_1_54' title='bbox 599 1276 628 1331; x_wconf 79' lang='grc' dir='ltr'><strong>Ιι.</strong></span> <span class='ocrx_word' id='word_1_55' title='bbox 643 1275 682 1345; x_wconf 82' lang='grc' dir='ltr'><strong>Ι.,</strong></span> <span class='ocrx_word' id='word_1_56' title='bbox 703 1279 801 1351; x_wconf 64' lang='lat' dir='ltr'><strong>quem}</strong></span> <span class='ocrx_word' id='word_1_57' title='bbox 810 1276 984 1352; x_wconf 86' lang='lat' dir='ltr'><strong>interpretes</strong></span> <span class='ocrx_word' id='word_1_58' title='bbox 1002 1277 1148 1334; x_wconf 85' lang='lat' dir='ltr'><strong>recentio-</strong></span> 
     </span>
     <span class='ocr_line' id='line_1_9' title="bbox 174 1377 1145 1458; baseline 0 -17"><span class='ocrx_word' id='word_1_59' title='bbox 174 1404 227 1441; x_wconf 83' lang='lat' dir='ltr'><strong>res</strong></span> <span class='ocrx_word' id='word_1_60' title='bbox 249 1382 464 1458; x_wconf 83' lang='lat' dir='ltr'><strong>probaverunt,</strong></span> <span class='ocrx_word' id='word_1_61' title='bbox 491 1378 610 1449; x_wconf 78' lang='lat' dir='ltr'><strong>refellit,</strong></span> <span class='ocrx_word' id='word_1_62' title='bbox 638 1378 810 1448; x_wconf 85' lang='lat' dir='ltr'><strong>ostendens,</strong></span> <span class='ocrx_word' id='word_1_63' title='bbox 838 1377 909 1438; x_wconf 90' lang='lat' dir='ltr'><strong>haec</strong></span> <span class='ocrx_word' id='word_1_64' title='bbox 935 1383 1024 1440; x_wconf 81' lang='lat' dir='ltr'><strong>verba</strong></span> <span class='ocrx_word' id='word_1_65' title='bbox 1049 1403 1145 1458; x_wconf 88' lang='lat' dir='ltr'><strong>neque</strong></span> 
     </span>
     <span class='ocr_line' id='line_1_10' title="bbox 177 1484 1146 1565; baseline -0.01 -21"><span class='ocrx_word' id='word_1_66' title='bbox 177 1491 218 1547; x_wconf 88' lang='lat' dir='ltr'><strong>ad</strong></span> <span class='ocrx_word' id='word_1_67' title='bbox 234 1488 364 1554; x_wconf 84' lang='lat' dir='ltr'><strong>Curiam¹</strong></span> <span class='ocrx_word' id='word_1_68' title='bbox 391 1504 485 1560; x_wconf 85' lang='lat' dir='ltr'><strong>neque</strong></span> <span class='ocrx_word' id='word_1_69' title='bbox 509 1484 548 1539; x_wconf 89' lang='lat' dir='ltr'><strong>ad</strong></span> <span class='ocrx_word' id='word_1_70' title='bbox 565 1484 697 1553; x_wconf 70' lang='lat' dir='ltr'><strong>rixones,</strong></span> <span class='ocrx_word' id='word_1_71' title='bbox 718 1503 813 1559; x_wconf 91' lang='lat' dir='ltr'><strong>neque</strong></span> <span class='ocrx_word' id='word_1_72' title='bbox 837 1484 875 1540; x_wconf 93' lang='lat' dir='ltr'><strong>ad</strong></span> <span class='ocrx_word' id='word_1_73' title='bbox 897 1484 993 1564; x_wconf 83' lang='lat' dir='ltr'><strong>legum</strong></span> <span class='ocrx_word' id='word_1_74' title='bbox 1015 1488 1146 1565; x_wconf 82' lang='lat' dir='ltr'><strong>scriptu.</strong></span> 
     </span>
     <span class='ocr_line' id='line_1_11' title="bbox 175 1587 1144 1666; baseline 0 -17"><span class='ocrx_word' id='word_1_75' title='bbox 175 1614 242 1653; x_wconf 83' lang='lat' dir='ltr'><strong>ram</strong></span> <span class='ocrx_word' id='word_1_76' title='bbox 259 1590 410 1647; x_wconf 79' lang='lat' dir='ltr'><strong>referenda</strong></span> <span class='ocrx_word' id='word_1_77' title='bbox 425 1608 506 1656; x_wconf 90' lang='lat' dir='ltr'><strong>esse,</strong></span> <span class='ocrx_word' id='word_1_78' title='bbox 536 1587 587 1645; x_wconf 89' lang='lat' dir='ltr'><strong>sed</strong></span> <span class='ocrx_word' id='word_1_79' title='bbox 613 1587 780 1665; x_wconf 85' lang='lat' dir='ltr'><strong>simpliciter</strong></span> <span class='ocrx_word' id='word_1_80' title='bbox 798 1589 833 1645; x_wconf 88' lang='lat' dir='ltr'><strong>de</strong></span> <span class='ocrx_word' id='word_1_81' title='bbox 852 1590 933 1666; x_wconf 81' lang='lat' dir='ltr'><strong>lege,</strong></span> <span class='ocrx_word' id='word_1_82' title='bbox 961 1612 1047 1666; x_wconf 86' lang='lat' dir='ltr'><strong>quam</strong></span> <span class='ocrx_word' id='word_1_83' title='bbox 1068 1593 1144 1649; x_wconf 90' lang='lat' dir='ltr'><strong>scri-</strong></span> 
     </span>
     <span class='ocr_line' id='line_1_12' title="bbox 175 1692 1148 1772; baseline -0.004 -17"><span class='ocrx_word' id='word_1_84' title='bbox 175 1699 249 1755; x_wconf 86' lang='lat' dir='ltr'><strong>bam</strong></span> <span class='ocrx_word' id='word_1_85' title='bbox 270 1694 421 1772; x_wconf 86' lang='lat' dir='ltr'><strong>publicum</strong></span> <span class='ocrx_word' id='word_1_86' title='bbox 443 1694 565 1765; x_wconf 77' lang='lat' dir='ltr'><strong>recitare</strong></span> <span class='ocrx_word' id='word_1_87' title='bbox 581 1695 744 1749; x_wconf 77' lang='lat' dir='ltr'><strong>Danosrn.</strong></span> <span class='ocrx_word' id='word_1_88' title='bbox 763 1692 862 1764; x_wconf 88' lang='lat' dir='ltr'><strong>iubet,</strong></span> <span class='ocrx_word' id='word_1_89' title='bbox 881 1694 1027 1769; x_wconf 76' lang='lat' dir='ltr'><strong>igiturque</strong></span> <span class='ocrx_word' id='word_1_90' title='bbox 1041 1694 1148 1751; x_wconf 87' lang='lat' dir='ltr'><strong>iutelli-</strong></span> 
     </span>
     <span class='ocr_line' id='line_1_13' title="bbox 176 1780 1147 1879; baseline -0.003 -22"><span class='ocrx_word' id='word_1_91' title='bbox 176 1801 305 1879; x_wconf 73' lang='lat' dir='ltr'><strong>gendam</strong></span> <span class='ocrx_word' id='word_1_92' title='bbox 319 1817 384 1856; x_wconf 81' lang='lat' dir='ltr'><strong>esse</strong></span> <span class='ocrx_word' id='word_1_93' title='bbox 395 1798 490 1872; x_wconf 73' lang='lat' dir='ltr'><strong>tegern</strong></span> <span class='ocrx_word' id='word_1_94' title='bbox 501 1780 682 1866; x_wconf 75' lang='lat' dir='ltr'><strong>inferiorem,</strong></span> <span class='ocrx_word' id='word_1_95' title='bbox 703 1798 723 1853; x_wconf 87' lang='lat' dir='ltr'><strong>i.</strong></span> <span class='ocrx_word' id='word_1_96' title='bbox 746 1816 774 1852; x_wconf 86' lang='lat' dir='ltr'><strong>e.</strong></span> <span class='ocrx_word' id='word_1_97' title='bbox 792 1816 865 1872; x_wconf 91' lang='lat' dir='ltr'><strong>quae</strong></span> <span class='ocrx_word' id='word_1_98' title='bbox 888 1800 1018 1875; x_wconf 81' lang='lat' dir='ltr'><strong>proxime</strong></span> <span class='ocrx_word' id='word_1_99' title='bbox 1041 1798 1147 1855; x_wconf 85' lang='lat' dir='ltr'><strong>subse-</strong></span> 
     </span>
     <span class='ocr_line' id='line_1_14' title="bbox 177 1899 1147 1983; baseline -0.001 -23"><span class='ocrx_word' id='word_1_100' title='bbox 177 1907 327 1983; x_wconf 73' lang='lat' dir='ltr'><strong>quebatur</strong></span> <span class='ocrx_word' id='word_1_101' title='bbox 338 1904 369 1959; x_wconf 88' lang='lat' dir='ltr'><strong>in</strong></span> <span class='ocrx_word' id='word_1_102' title='bbox 384 1899 539 1977; x_wconf 83' lang='lat' dir='ltr'><strong>exemplis,</strong></span> <span class='ocrx_word' id='word_1_103' title='bbox 562 1918 636 1974; x_wconf 88' lang='lat' dir='ltr'><strong>quae</strong></span> <span class='ocrx_word' id='word_1_104' title='bbox 651 1899 758 1956; x_wconf 83' lang='lat' dir='ltr'>Orator</span> <span class='ocrx_word' id='word_1_105' title='bbox 773 1900 901 1960; x_wconf 85' lang='lat' dir='ltr'><strong>describi</strong></span> <span class='ocrx_word' id='word_1_106' title='bbox 923 1914 1092 1972; x_wconf 76' lang='lat' dir='ltr'><strong>curaverat,</strong></span> <span class='ocrx_word' id='word_1_107' title='bbox 1114 1914 1147 1959; x_wconf 89' lang='lat' dir='ltr'><strong>ut</strong></span> 
     </span>
     <span class='ocr_line' id='line_1_15' title="bbox 180 2004 1044 2083; baseline -0.008 -13"><span class='ocrx_word' id='word_1_108' title='bbox 180 2011 281 2071; x_wconf 82' lang='lat' dir='ltr'><strong>scriba</strong></span> <span class='ocrx_word' id='word_1_109' title='bbox 297 2008 421 2064; x_wconf 83' lang='lat' dir='ltr'><strong>recitare</strong></span> <span class='ocrx_word' id='word_1_110' title='bbox 437 2015 557 2083; x_wconf 82' lang='lat' dir='ltr'><strong>posset,</strong></span> <span class='ocrx_word' id='word_1_111' title='bbox 578 2023 657 2074; x_wconf 88' lang='lat' dir='ltr'><strong>eam,</strong></span> <span class='ocrx_word' id='word_1_112' title='bbox 679 2023 752 2079; x_wconf 86' lang='lat' dir='ltr'><strong>quae</strong></span> <span class='ocrx_word' id='word_1_113' title='bbox 768 2004 855 2062; x_wconf 88' lang='lat' dir='ltr'><strong>modo</strong></span> <span class='ocrx_word' id='word_1_114' title='bbox 867 2005 942 2063; x_wconf 90' lang='lat' dir='ltr'><strong>lecta</strong></span> <span class='ocrx_word' id='word_1_115' title='bbox 955 2017 1044 2064; x_wconf 88' lang='lat' dir='ltr'><strong>esset.</strong></span> 
     </span>
     <span class='ocr_line' id='line_1_16' title="bbox 216 2106 1149 2185; baseline -0.005 -12"><span class='ocrx_word' id='word_1_116' title='bbox 216 2118 370 2173; x_wconf 80' lang='lat' dir='ltr'><strong>Praeterea</strong></span> <span class='ocrx_word' id='word_1_117' title='bbox 385 2108 550 2185; x_wconf 55' lang='lat' dir='ltr'><strong>Pnrrrrpd.</strong></span> <span class='ocrx_word' id='word_1_118' title='bbox 565 2107 602 2166; x_wconf 78' lang='lat' dir='ltr'><em>L</em></span> <span class='ocrx_word' id='word_1_119' title='bbox 617 2106 662 2165; x_wconf 84' lang='lat' dir='ltr'><strong>A.</strong></span> <span class='ocrx_word' id='word_1_120' title='bbox 680 2107 725 2164; x_wconf 85' lang='lat' dir='ltr'><strong>A.</strong></span> <span class='ocrx_word' id='word_1_121' title='bbox 743 2130 777 2185; x_wconf 90' lang='lat' dir='ltr'><strong>p.</strong></span> <span class='ocrx_word' id='word_1_122' title='bbox 799 2107 863 2166; x_wconf 88' lang='lat'><strong>178.</strong></span> <span class='ocrx_word' id='word_1_123' title='bbox 881 2109 1086 2167; x_wconf 87' lang='lat' dir='ltr'><strong>memorandus</strong></span> <span class='ocrx_word' id='word_1_124' title='bbox 1103 2122 1149 2168; x_wconf 88' lang='lat' dir='ltr'><strong>est</strong></span> 
     </span>
     <span class='ocr_line' id='line_1_17' title="bbox 183 2211 1147 2289; baseline -0.01 -11"><span class='ocrx_word' id='word_1_125' title='bbox 183 2240 285 2289; x_wconf 82' lang='lat' dir='ltr'><strong>error,</strong></span> <span class='ocrx_word' id='word_1_126' title='bbox 306 2236 341 2274; x_wconf 86' lang='lat' dir='ltr'><strong>ex</strong></span> <span class='ocrx_word' id='word_1_127' title='bbox 357 2215 517 2273; x_wconf 76' lang='lat' dir='ltr'><strong>Haurocu.</strong></span> <span class='ocrx_word' id='word_1_128' title='bbox 534 2215 564 2271; x_wconf 90' lang='lat' dir='ltr'><strong>in</strong></span> <span class='ocrx_word' id='word_1_129' title='bbox 580 2214 597 2270; x_wconf 82' lang='grc' dir='ltr'>ὁ</span> <span class='ocrx_word' id='word_1_130' title='bbox 618 2215 751 2271; x_wconf 83' lang='grc' dir='ltr'><strong><em>κάτωθεν</em></strong></span> <span class='ocrx_word' id='word_1_131' title='bbox 771 2216 875 2288; x_wconf 87' lang='grc' dir='ltr'><strong><em>νόμος,</em></strong></span> <span class='ocrx_word' id='word_1_132' title='bbox 896 2225 979 2272; x_wconf 87' lang='lat' dir='ltr'><strong>ortus</strong></span> <span class='ocrx_word' id='word_1_133' title='bbox 996 2213 1027 2270; x_wconf 90' lang='lat' dir='ltr'><strong>ni</strong></span> <span class='ocrx_word' id='word_1_134' title='bbox 1044 2211 1147 2270; x_wconf 81' lang='lat' dir='ltr'><strong>fallor:</strong></span> 
     </span>
     <span class='ocr_line' id='line_1_18' title="bbox 182 2317 1148 2382; baseline -0.009 -1"><span class='ocrx_word' id='word_1_135' title='bbox 182 2325 400 2382; x_wconf 81' lang='lat' dir='ltr'><strong>Grammaticus</strong></span> <span class='ocrx_word' id='word_1_136' title='bbox 422 2322 497 2377; x_wconf 88' lang='lat' dir='ltr'><strong>euim</strong></span> <span class='ocrx_word' id='word_1_137' title='bbox 519 2320 595 2376; x_wconf 87' lang='lat' dir='ltr'><strong>inter</strong></span> <span class='ocrx_word' id='word_1_138' title='bbox 618 2318 687 2375; x_wconf 84' lang='lat' dir='ltr'><strong>alias</strong></span> <span class='ocrx_word' id='word_1_139' title='bbox 712 2338 814 2374; x_wconf 80' lang='lat' dir='ltr'><strong>causas</strong></span> <span class='ocrx_word' id='word_1_140' title='bbox 840 2337 892 2374; x_wconf 89' lang='lat' dir='ltr'><strong>cur</strong></span> <span class='ocrx_word' id='word_1_141' title='bbox 915 2320 1078 2375; x_wconf 73' lang='lat' dir='ltr'><strong>Drucsrn.</strong></span> <span class='ocrx_word' id='word_1_142' title='bbox 1095 2317 1148 2375; x_wconf 81' lang='grc' dir='ltr'><strong>τὸκ</strong></span> 
     </span>
     <span class='ocr_line' id='line_1_19' title="bbox 177 2421 1148 2503; baseline -0.008 -17"><span class='ocrx_word' id='word_1_143' title='bbox 177 2424 525 2503; x_wconf 66' lang='lat' dir='ltr'><strong>adtudevappellaverit</strong></span> <span class='ocrx_word' id='word_1_144' title='bbox 548 2425 663 2495; x_wconf 79' lang='grc' dir='ltr'><strong><em>νόμον,</em></strong></span> <span class='ocrx_word' id='word_1_145' title='bbox 693 2421 777 2478; x_wconf 83' lang='lat' dir='ltr'><strong>haec.</strong></span> <span class='ocrx_word' id='word_1_146' title='bbox 796 2433 959 2492; x_wconf 86' lang='lat' dir='ltr'><strong>memorat,</strong></span> <span class='ocrx_word' id='word_1_147' title='bbox 985 2421 1051 2478; x_wconf 71' lang='grc' dir='ltr'><strong><em>ἐπεὶ</em></strong></span> <span class='ocrx_word' id='word_1_148' title='bbox 1077 2424 1148 2486; x_wconf 77' lang='grc' dir='ltr'><strong>τούς</strong></span> 
     </span>
     <span class='ocr_line' id='line_1_20' title="bbox 181 2523 1144 2602; baseline -0.005 -14"><span class='ocrx_word' id='word_1_149' title='bbox 181 2535 285 2596; x_wconf 81' lang='grc' dir='ltr'><strong><em>ἄξονας</em></strong></span> <span class='ocrx_word' id='word_1_150' title='bbox 313 2536 361 2586; x_wconf 78' lang='grc' dir='ltr'><strong>καὶ</strong></span> <span class='ocrx_word' id='word_1_151' title='bbox 384 2531 454 2591; x_wconf 75' lang='grc' dir='ltr'><strong>τούς</strong></span> <span class='ocrx_word' id='word_1_152' title='bbox 476 2526 595 2602; x_wconf 73' lang='grc' dir='ltr'><strong><em>κύρβεις</em></strong></span> <span class='ocrx_word' id='word_1_153' title='bbox 625 2523 738 2581; x_wconf 78' lang='grc' dir='ltr'><strong><em>ἄνωθεν</em></strong></span> <span class='ocrx_word' id='word_1_154' title='bbox 762 2528 813 2594; x_wconf 80' lang='grc' dir='ltr'><strong>τῆς</strong></span> <span class='ocrx_word' id='word_1_155' title='bbox 836 2525 1019 2600; x_wconf 78' lang='grc' dir='ltr'><strong><em>ἀκροπόλεως</em></strong></span> <span class='ocrx_word' id='word_1_156' title='bbox 1041 2527 1084 2590; x_wconf 79' lang='grc' dir='ltr'><strong>εἰς</strong></span> <span class='ocrx_word' id='word_1_157' title='bbox 1109 2528 1144 2584; x_wconf 81' lang='grc' dir='ltr'><strong>τά</strong></span> 
     </span>
     <span class='ocr_line' id='line_1_21' title="bbox 179 2629 1150 2712; baseline -0.007 -18"><span class='ocrx_word' id='word_1_158' title='bbox 179 2636 386 2712; x_wconf 76' lang='grc' dir='ltr'><strong><em>βουλευτήριον</em></strong></span> <span class='ocrx_word' id='word_1_159' title='bbox 401 2639 450 2689; x_wconf 75' lang='grc' dir='ltr'><strong>καὶ</strong></span> <span class='ocrx_word' id='word_1_160' title='bbox 466 2633 517 2702; x_wconf 75' lang='grc' dir='ltr'><strong>τήν</strong></span> <span class='ocrx_word' id='word_1_161' title='bbox 532 2630 637 2707; x_wconf 70' lang='grc' dir='ltr'><strong><em>ἀγοράν</em></strong></span> <span class='ocrx_word' id='word_1_162' title='bbox 654 2631 828 2704; x_wconf 79' lang='grc' dir='ltr'><strong><em>μετέστησεν</em></strong></span> <span class='ocrx_word' id='word_1_163' title='bbox 845 2633 1019 2703; x_wconf 79' lang='grc' dir='ltr'><strong><em>Ἐφιάλτης,</em></strong></span> <span class='ocrx_word' id='word_1_164' title='bbox 1041 2629 1150 2707; x_wconf 87' lang='lat' dir='ltr'><strong>quibus</strong></span> 
     </span>
     <span class='ocr_line' id='line_1_22' title="bbox 176 2733 1151 2813; baseline -0.01 -13"><span class='ocrx_word' id='word_1_165' title='bbox 176 2741 386 2800; x_wconf 72' lang='lat' dir='ltr'><strong>Auaxtrnssuls</strong></span> <span class='ocrx_word' id='word_1_166' title='bbox 400 2737 498 2794; x_wconf 78' lang='lat' dir='ltr'><strong>verbis</strong></span> <span class='ocrx_word' id='word_1_167' title='bbox 512 2737 617 2792; x_wconf 79' lang='lat' dir='ltr'><strong>Purtr.</strong></span> <span class='ocrx_word' id='word_1_168' title='bbox 633 2734 654 2792; x_wconf 68' lang='lat' dir='ltr'><strong>l·</strong></span> <span class='ocrx_word' id='word_1_169' title='bbox 670 2733 691 2790; x_wconf 90' lang='lat' dir='ltr'><strong>l.</strong></span> <span class='ocrx_word' id='word_1_170' title='bbox 710 2733 859 2805; x_wconf 87' lang='lat' dir='ltr'><strong>decernit,</strong></span> <span class='ocrx_word' id='word_1_171' title='bbox 877 2747 1051 2813; x_wconf 85' lang='lat' dir='ltr'><strong>propterea,</strong></span> <span class='ocrx_word' id='word_1_172' title='bbox 1071 2734 1151 2810; x_wconf 90' lang='lat' dir='ltr'><strong>quod</strong></span> 
     </span>
    </p>
   </div>
   <div class='ocr_carea' id='block_1_3' title="bbox 176 2836 1154 2919">
    <p class='ocr_par' dir='ltr' id='par_1_3' title="bbox 176 2836 1154 2919">
     <span class='ocr_line' id='line_1_23' title="bbox 176 2836 1154 2919; baseline -0.01 -16"><span class='ocrx_word' id='word_1_173' title='bbox 176 2850 264 2903; x_wconf 74' lang='lat' dir='ltr'><strong>Dum.</strong></span> <span class='ocrx_word' id='word_1_174' title='bbox 280 2844 388 2919; x_wconf 76' lang='lat' dir='ltr'><strong>legem,</strong></span> <span class='ocrx_word' id='word_1_175' title='bbox 409 2862 444 2898; x_wconf 83' lang='lat' dir='ltr'><strong>ex</strong></span> <span class='ocrx_word' id='word_1_176' title='bbox 452 2841 507 2897; x_wconf 91' lang='lat' dir='ltr'><strong>illis</strong></span> <span class='ocrx_word' id='word_1_177' title='bbox 521 2860 550 2896; x_wconf 89' lang='lat' dir='ltr'><strong>m</strong></span> <span class='ocrx_word' id='word_1_178' title='bbox 559 2836 691 2914; x_wconf 67' lang='grc' dir='ltr'><strong><em>Μητρῴῳ</em></strong></span> <span class='ocrx_word' id='word_1_179' title='bbox 707 2840 842 2910; x_wconf 82' lang='lat' dir='ltr'><strong>servatis,</strong></span> <span class='ocrx_word' id='word_1_180' title='bbox 864 2838 1154 2919; x_wconf 76' lang='lat' dir='ltr'><strong>descriptumintelli-</strong></span> 
     </span>
    </p>
   </div>
   <div class='ocr_carea' id='block_1_4' title="bbox 142 2941 1152 3541">
    <p class='ocr_par' dir='ltr' id='par_1_4' title="bbox 142 2941 1152 3541">
     <span class='ocr_line' id='line_1_24' title="bbox 178 2941 1148 3024; baseline -0.005 -21"><span class='ocrx_word' id='word_1_181' title='bbox 178 2950 208 3024; x_wconf 76' lang='lat' dir='ltr'><strong>gi</strong></span> <span class='ocrx_word' id='word_1_182' title='bbox 223 2947 306 3016; x_wconf 84' lang='lat' dir='ltr'><strong>velit,</strong></span> <span class='ocrx_word' id='word_1_183' title='bbox 333 2956 365 3001; x_wconf 89' lang='lat' dir='ltr'><strong>ut</strong></span> <span class='ocrx_word' id='word_1_184' title='bbox 387 2944 612 3017; x_wconf 77' lang='lat' dir='ltr'><strong>distingueretur</strong></span> <span class='ocrx_word' id='word_1_185' title='bbox 627 2941 664 2997; x_wconf 90' lang='lat' dir='ltr'><strong>ab</strong></span> <span class='ocrx_word' id='word_1_186' title='bbox 686 2942 737 3010; x_wconf 88' lang='lat' dir='ltr'><strong>iis,</strong></span> <span class='ocrx_word' id='word_1_187' title='bbox 760 2962 833 3017; x_wconf 89' lang='lat' dir='ltr'><strong>quae</strong></span> <span class='ocrx_word' id='word_1_188' title='bbox 851 2945 881 2999; x_wconf 89' lang='lat' dir='ltr'><strong>iu</strong></span> <span class='ocrx_word' id='word_1_189' title='bbox 898 2943 1036 3018; x_wconf 88' lang='lat' dir='ltr'><strong>Acropuli</strong></span> <span class='ocrx_word' id='word_1_190' title='bbox 1051 2961 1148 2999; x_wconf 81' lang='lat' dir='ltr'><strong>serva·</strong></span> 
     </span>
     <span class='ocr_line' id='line_1_25' title="bbox 176 3042 1152 3122; baseline -0.006 -14"><span class='ocrx_word' id='word_1_191' title='bbox 176 3053 301 3116; x_wconf 83' lang='lat' dir='ltr'><strong>bantur,</strong></span> <span class='ocrx_word' id='word_1_192' title='bbox 324 3066 396 3122; x_wconf 86' lang='lat' dir='ltr'><strong>quas</strong></span> <span class='ocrx_word' id='word_1_193' title='bbox 410 3042 572 3119; x_wconf 82' lang='lat' dir='ltr'><strong>significare</strong></span> <span class='ocrx_word' id='word_1_194' title='bbox 595 3045 619 3100; x_wconf 93' lang='lat' dir='ltr'><strong>si</strong></span> <span class='ocrx_word' id='word_1_195' title='bbox 636 3042 794 3116; x_wconf 84' lang='lat' dir='ltr'><strong>voluisset,</strong></span> <span class='ocrx_word' id='word_1_196' title='bbox 816 3047 867 3102; x_wconf 87' lang='grc' dir='ltr'><strong>τὸν</strong></span> <span class='ocrx_word' id='word_1_197' title='bbox 887 3045 999 3102; x_wconf 75' lang='grc' dir='ltr'><strong><em>ἄνωθεν</em></strong></span> <span class='ocrx_word' id='word_1_198' title='bbox 1016 3049 1107 3117; x_wconf 80' lang='grc' dir='ltr'><strong><em>νόμον</em></strong></span> <span class='ocrx_word' id='word_1_199' title='bbox 1123 3046 1152 3102; x_wconf 88' lang='lat' dir='ltr'><strong>ci</strong></span> 
     </span>
     <span class='ocr_line' id='line_1_26' title="bbox 178 3146 1151 3224; baseline -0.006 -15"><span class='ocrx_word' id='word_1_200' title='bbox 178 3152 333 3210; x_wconf 85' lang='lat' dir='ltr'><strong>dicendum</strong></span> <span class='ocrx_word' id='word_1_201' title='bbox 353 3150 453 3207; x_wconf 85' lang='lat' dir='ltr'><strong>fuisse.</strong></span> <span class='ocrx_word' id='word_1_202' title='bbox 492 3148 572 3204; x_wconf 84' lang='lat' dir='ltr'><strong>Hanc</strong></span> <span class='ocrx_word' id='word_1_203' title='bbox 588 3149 790 3205; x_wconf 75' lang='lat' dir='ltr'><strong>Hanrocnar.</strong></span> <span class='ocrx_word' id='word_1_204' title='bbox 803 3149 963 3224; x_wconf 82' lang='lat' dir='ltr'><strong>quaesitam</strong></span> <span class='ocrx_word' id='word_1_205' title='bbox 977 3160 1006 3205; x_wconf 91' lang='lat' dir='ltr'><strong>et</strong></span> <span class='ocrx_word' id='word_1_206' title='bbox 1018 3146 1151 3204; x_wconf 83' lang='lat' dir='ltr'><strong>adlecta-</strong></span> 
     </span>
     <span class='ocr_line' id='line_1_27' title="bbox 176 3252 1149 3334; baseline -0.006 -20"><span class='ocrx_word' id='word_1_207' title='bbox 176 3269 236 3314; x_wconf 85' lang='lat' dir='ltr'><strong>tam</strong></span> <span class='ocrx_word' id='word_1_208' title='bbox 262 3255 482 3334; x_wconf 84' lang='lat' dir='ltr'><strong>explicationem</strong></span> <span class='ocrx_word' id='word_1_209' title='bbox 507 3252 630 3330; x_wconf 87' lang='lat' dir='ltr'><strong>simplici</strong></span> <span class='ocrx_word' id='word_1_210' title='bbox 653 3254 802 3312; x_wconf 72' lang='lat' dir='ltr'><strong>&#39;I&#39;aruonr</strong></span> <span class='ocrx_word' id='word_1_211' title='bbox 827 3254 984 3312; x_wconf 82' lang='lat' dir='ltr'><strong>verborum</strong></span> <span class='ocrx_word' id='word_1_212' title='bbox 1006 3254 1149 3329; x_wconf 87' lang='lat' dir='ltr'><strong>interpre-</strong></span> 
     </span>
     <span class='ocr_line' id='line_1_28' title="bbox 142 3359 1149 3438; baseline -0.006 -20"><span class='ocrx_word' id='word_1_213' title='bbox 142 3372 147 3382; x_wconf 89' lang='lat'>&#39;</span> <span class='ocrx_word' id='word_1_214' title='bbox 177 3362 280 3418; x_wconf 81' lang='lat' dir='ltr'><strong>tatiani</strong></span> <span class='ocrx_word' id='word_1_215' title='bbox 296 3361 397 3417; x_wconf 87' lang='lat' dir='ltr'><strong>cedere</strong></span> <span class='ocrx_word' id='word_1_216' title='bbox 415 3370 550 3438; x_wconf 86' lang='lat' dir='ltr'><strong>oportere</strong></span> <span class='ocrx_word' id='word_1_217' title='bbox 568 3378 652 3415; x_wconf 87' lang='lat' dir='ltr'><strong>uerno</strong></span> <span class='ocrx_word' id='word_1_218' title='bbox 669 3381 729 3416; x_wconf 88' lang='lat' dir='ltr'><strong>non</strong></span> <span class='ocrx_word' id='word_1_219' title='bbox 745 3360 835 3417; x_wconf 90' lang='lat' dir='ltr'><strong>videt.</strong></span> <span class='ocrx_word' id='word_1_220' title='bbox 871 3359 920 3416; x_wconf 87' lang='lat' dir='ltr'><strong>Illa</strong></span> <span class='ocrx_word' id='word_1_221' title='bbox 937 3372 1035 3415; x_wconf 85' lang='lat' dir='ltr'><strong>tamen</strong></span> <span class='ocrx_word' id='word_1_222' title='bbox 1048 3361 1149 3415; x_wconf 67' lang='lat' dir='ltr'><strong>Hane.</strong></span> 
     </span>
     <span class='ocr_line' id='line_1_29' title="bbox 177 3461 1150 3541; baseline 0.001 -20"><span class='ocrx_word' id='word_1_223' title='bbox 177 3465 367 3541; x_wconf 84' lang='lat' dir='ltr'><strong>explicatione</strong></span> <span class='ocrx_word' id='word_1_224' title='bbox 389 3465 480 3520; x_wconf 85' lang='lat' dir='ltr'><strong>fretus</strong></span> <span class='ocrx_word' id='word_1_225' title='bbox 506 3462 613 3519; x_wconf 72' lang='lat' dir='ltr'><strong>Pertr.</strong></span> <span class='ocrx_word' id='word_1_226' title='bbox 633 3461 654 3519; x_wconf 87' lang='lat' dir='ltr'><strong>l.</strong></span> <span class='ocrx_word' id='word_1_227' title='bbox 677 3463 696 3519; x_wconf 93' lang='lat' dir='ltr'><strong>l.</strong></span> <span class='ocrx_word' id='word_1_228' title='bbox 726 3484 899 3540; x_wconf 87' lang='lat' dir='ltr'><strong>quamquam</strong></span> <span class='ocrx_word' id='word_1_229' title='bbox 920 3463 997 3521; x_wconf 92' lang='lat' dir='ltr'><strong>nullo</strong></span> <span class='ocrx_word' id='word_1_230' title='bbox 1019 3475 1150 3522; x_wconf 84' lang='lat' dir='ltr'><strong>veterum</strong></span> 
     </span>
    </p>
   </div>
   <div class='ocr_carea' id='block_1_5' title="bbox 188 3676 523 3696">
    <p class='ocr_par' dir='ltr' id='par_1_5' title="bbox 188 3676 523 3696">
     <span class='ocr_line' id='line_1_30' title="bbox 188 3676 523 3696; baseline -0.003 -2"><span class='ocrx_word' id='word_1_231' title='bbox 188 3676 523 3696; x_wconf 53' lang='lat' dir='ltr'><strong>m</strong></span> 
     </span>
    </p>
   </div>
   <div class='ocr_carea' id='block_1_6' title="bbox 181 3811 1145 4147">
    <p class='ocr_par' dir='ltr' id='par_1_6' title="bbox 181 3811 1145 4147">
     <span class='ocr_line' id='line_1_31' title="bbox 214 3811 1145 3885; baseline -0.001 -18"><span class='ocrx_word' id='word_1_232' title='bbox 214 3814 257 3884; x_wconf 81' lang='lat'><strong>(1)</strong></span> <span class='ocrx_word' id='word_1_233' title='bbox 275 3811 335 3868; x_wconf 78' lang='lat' dir='ltr'><strong>vid.</strong></span> <span class='ocrx_word' id='word_1_234' title='bbox 362 3813 526 3885; x_wconf 80' lang='lat' dir='ltr'><strong>Harpocr.</strong></span> <span class='ocrx_word' id='word_1_235' title='bbox 553 3828 579 3871; x_wconf 82' lang='lat' dir='ltr'><strong>et</strong></span> <span class='ocrx_word' id='word_1_236' title='bbox 606 3814 733 3869; x_wconf 88' lang='lat' dir='ltr'><strong>Suidas</strong></span> <span class='ocrx_word' id='word_1_237' title='bbox 761 3815 788 3866; x_wconf 86' lang='lat' dir='ltr'><strong>iu</strong></span> <span class='ocrx_word' id='word_1_238' title='bbox 814 3834 838 3864; x_wconf 84' lang='lat' dir='ltr'><strong>v.</strong></span> <span class='ocrx_word' id='word_1_239' title='bbox 865 3814 879 3862; x_wconf 78' lang='grc' dir='ltr'>ὁ</span> <span class='ocrx_word' id='word_1_240' title='bbox 906 3814 1032 3866; x_wconf 71' lang='grc' dir='ltr'><strong><em>κάτωθεν</em></strong></span> <span class='ocrx_word' id='word_1_241' title='bbox 1057 3815 1145 3877; x_wconf 76' lang='grc' dir='ltr'><strong>νόμος.</strong></span> 
     </span>
     <span class='ocr_line' id='line_1_32' title="bbox 181 3900 1139 3959; baseline -0.002 -5"><span class='ocrx_word' id='word_1_242' title='bbox 181 3901 269 3955; x_wconf 84' lang='lat' dir='ltr'><strong>Poll·</strong></span> <span class='ocrx_word' id='word_1_243' title='bbox 299 3900 362 3952; x_wconf 82' lang='lat' dir='ltr'><strong>Vlll</strong></span> <span class='ocrx_word' id='word_1_244' title='bbox 402 3906 459 3956; x_wconf 83' lang='lat'>128.</span> <span class='ocrx_word' id='word_1_245' title='bbox 494 3903 619 3955; x_wconf 81' lang='lat' dir='ltr'><strong>Meurs.</strong></span> <span class='ocrx_word' id='word_1_246' title='bbox 645 3908 705 3955; x_wconf 74' lang='grc' dir='ltr'><strong>Μ..</strong></span> <span class='ocrx_word' id='word_1_247' title='bbox 732 3902 795 3959; x_wconf 81' lang='lat' dir='ltr'><strong>AA.</strong></span> <span class='ocrx_word' id='word_1_248' title='bbox 815 3902 895 3956; x_wconf 79' lang='lat' dir='ltr'><strong>l.22.</strong></span> <span class='ocrx_word' id='word_1_249' title='bbox 933 3903 1027 3957; x_wconf 80' lang='lat' dir='ltr'><strong>Solon.</strong></span> <span class='ocrx_word' id='word_1_250' title='bbox 1056 3901 1139 3953; x_wconf 76' lang='lat' dir='ltr'><strong>xxtv</strong></span> 
     </span>
     <span class='ocr_line' id='line_1_33' title="bbox 182 3988 1145 4061; baseline 0.004 -21"><span class='ocrx_word' id='word_1_251' title='bbox 182 4007 206 4057; x_wconf 79' lang='lat' dir='ltr'><strong>p.</strong></span> <span class='ocrx_word' id='word_1_252' title='bbox 229 3992 270 4044; x_wconf 85' lang='lat'><strong>91.</strong></span> <span class='ocrx_word' id='word_1_253' title='bbox 307 3988 410 4044; x_wconf 81' lang='lat' dir='ltr'><strong>Petit.</strong></span> <span class='ocrx_word' id='word_1_254' title='bbox 430 3994 488 4045; x_wconf 72' lang='lat' dir='ltr'><strong>nn.</strong></span> <span class='ocrx_word' id='word_1_255' title='bbox 510 3991 572 4047; x_wconf 80' lang='grc' dir='ltr'><strong>ΛΑ.</strong></span> <span class='ocrx_word' id='word_1_256' title='bbox 591 4011 615 4061; x_wconf 85' lang='lat' dir='ltr'><strong>p.</strong></span> <span class='ocrx_word' id='word_1_257' title='bbox 633 3993 690 4045; x_wconf 81' lang='lat' dir='ltr'><strong>lot.</strong></span> <span class='ocrx_word' id='word_1_258' title='bbox 723 3989 861 4046; x_wconf 77' lang='lat' dir='ltr'><strong>Salmas.</strong></span> <span class='ocrx_word' id='word_1_259' title='bbox 880 3992 912 4043; x_wconf 84' lang='lat' dir='ltr'><strong>de</strong></span> <span class='ocrx_word' id='word_1_260' title='bbox 928 3991 967 4050; x_wconf 89' lang='grc' dir='ltr'><strong>Μ.</strong></span> <span class='ocrx_word' id='word_1_261' title='bbox 989 3993 1024 4048; x_wconf 83' lang='lat' dir='ltr'><strong>U.</strong></span> <span class='ocrx_word' id='word_1_262' title='bbox 1050 4008 1076 4060; x_wconf 79' lang='lat' dir='ltr'><strong>p.</strong></span> <span class='ocrx_word' id='word_1_263' title='bbox 1094 3993 1145 4045; x_wconf 81' lang='lat'><strong>758</strong></span> 
     </span>
     <span class='ocr_line' id='line_1_34' title="bbox 182 4076 702 4147; baseline 0.004 -16"><span class='ocrx_word' id='word_1_264' title='bbox 182 4093 236 4146; x_wconf 65' lang='lat' dir='ltr'><strong>sqq.</strong></span> <span class='ocrx_word' id='word_1_265' title='bbox 279 4077 415 4132; x_wconf 84' lang='lat' dir='ltr'><strong>Herald.</strong></span> <span class='ocrx_word' id='word_1_266' title='bbox 434 4076 581 4135; x_wconf 69' lang='lat' dir='ltr'><strong>Animum.</strong></span> <span class='ocrx_word' id='word_1_267' title='bbox 601 4098 625 4147; x_wconf 85' lang='lat' dir='ltr'><strong>p.</strong></span> <span class='ocrx_word' id='word_1_268' title='bbox 645 4081 702 4133; x_wconf 83' lang='lat'><strong>298.</strong></span> 
     </span>
    </p>
   </div>
   <div class='ocr_carea' id='block_1_7' title="bbox 0 0 1497 5092">
    <p class='ocr_par' dir='ltr' id='par_1_7' title="bbox 0 0 1497 5092">
     <span class='ocr_line' id='line_1_35' title="bbox 0 0 1497 5092; baseline 0 0"><span class='ocrx_word' id='word_1_269' title='bbox 0 0 1497 5092; x_wconf 95' lang='lat' dir='ltr'><strong> </strong></span> 
     </span>
    </p>
   </div>
  </div>
 </body>
</html>
