2967 5092
653 536 708 601 *tu

200 735 241 781 ,ut
267 742 353 800 supra
386 722 622 800 disputavimus,
649 721 747 778 locum
775 719 885 788 babet,
913 721 1023 780 ratione
1051 720 1167 793 habita„

201 826 426 887 Ntootnouun
441 826 489 887 Ol.
504 826 591 883 XCII
615 844 691 891 anno
705 823 726 881 2
751 823 915 897 νομοθέτην
929 823 1090 893 delectum,
1109 844 1167 900 pro

195 930 226 992 ,11
245 931 395 989 mansibus
410 932 441 988 in
454 929 573 987 totidem
591 944 683 985 annos
697 946 805 989 munus
826 928 965 998 traxisse,
985 927 1073 1011 igitur
1088 926 1166 985 Ora.

195 1035 312 1093 tionem
321 1034 369 1093 01.
378 1035 476 1094 XCIV
493 1033 584 1091 annil
601 1033 659 1094 sub
674 1031 763 1089 finem
775 1031 904 1091 habitam
913 1049 988 1089 esse.
1015 1032 1097 1092 Hauc
1111 1052 1164 1088 ra·

199 1138 416 1197 tiociaationem
435 1141 494 1199 iam
517 1156 571 1214 por
589 1155 621 1197 se
644 1134 745 1197 falsam
766 1155 847 1206 esse,
867 1153 953 1192 nemo
976 1155 1038 1193 non
1060 1135 1161 1223 videt:

193 1244 228 1300 si
250 1243 326 1300 enim
339 1244 371 1300 in
391 1242 522 1305 tauros,
538 1259 662 1309 munus,
685 1238 734 1298 ΟΙ.
753 1240 839 1299 XCII
861 1260 937 1297 anno
952 1239 973 1297 2
986 1250 1161 1319 acceptum,

195 1347 348 1417 traxisset,
368 1347 538 1406 Orationem
562 1344 610 1404 Ot.
625 1345 726 1416 XCIII
742 1364 819 1401 anno
839 1342 1000 1401 2habitaur
1019 1363 1084 1400 esse
1107 1363 1163 1400 ne-

192 1469 280 1509 cesse
296 1460 389 1509 esset:
419 1449 541 1507 sortasse
565 1459 663 1508 autem
683 1450 769 1507 tacite
790 1448 936 1518 rationes,
956 1467 1030 1525 quaa
1049 1450 1159 1509 blau·

194 1571 325 1613 munus
342 1553 560 1630 Runutusque,
579 1566 611 1612 nt
628 1555 702 1611 dnos
717 1553 782 1613 illos
797 1553 951 1632 explerent
962 1573 1072 1623 annos,
1086 1554 1162 1613 inie-

195 1669 279 1728 runt,
295 1658 444 1735 probarit.
467 1658 535 1721 Non
543 1670 639 1716 tamen
653 1660 710 1722 ullo
724 1658 813 1716 modo
822 1657 886 1715 fieri
893 1676 999 1735 posse,
1019 1670 1052 1715 ut
1060 1657 1162 1722 Oratio

192 1761 243 1821 Ol.
258 1764 377 1834 XCIII,
403 1762 487 1823 Iaut
508 1763 555 1823 Ol.
572 1763 688 1833 XCIV,
710 1762 835 1823 lhabita
852 1761 1013 1839 probetur,
1033 1760 1092 1819 loci
1106 1782 1161 1823 ou·

193 1887 247 1944 pra
262 1866 358 1937 allati,
374 1866 405 1923 in
423 1866 532 1941 quibus
547 1865 583 1923 de
599 1878 731 1943 ternpore
747 1865 804 1924 sub
820 1865 1055 1944 Triginta-viris,
1074 1844 1160 1931 etde

192 1971 279 2033 factis
309 1981 378 2048 post
406 1967 581 2039 Eucnrnnn
617 1969 664 2033 01.
687 1970 804 2043 XCIV,
835 1969 924 2036 l-2
952 1968 1158 2046 Archontera,

190 2077 262 2164 satiat
278 2093 425 2154 superque
441 2074 558 2142 doceat,

570 2379 793 2419 mm*-

625 2606 653 2684 s.
689 2605 721 2666 a.

306 2843 422 2887 cntra
442 2842 682 2884 accusantum
722 2842 872 2885 acrtouts
891 2845 1031 2887 arrolas·

229 3089 256 3146 E
274 3092 419 3183 superiori
432 3091 447 3177 ξ
465 3091 638 3169 disputatis,
659 3091 707 3155 bis
720 3111 803 3154 reum
817 3092 920 3153 eodem
940 3093 1072 3155 Iunctum
1085 3110 1152 3150 esso

189 3213 309 3254 munere
336 3196 542 3271 consequitur,
572 3196 666 3253 omnia
690 3217 740 3268 ea,
769 3217 842 3273 quae
870 3199 906 3255 de
935 3197 1028 3277 priori
1048 3216 1155 3254 mune-

188 3317 220 3353 re
243 3297 373 3375 disputat
396 3312 490 3371 actor,
522 3320 581 3357 uon
603 3300 641 3356 ad
663 3302 776 3378 ipsum,
807 3302 899 3360 cuius'
914 3321 992 3359 nunc
1012 3300 1153 3358 iudicium

187 3412 249 3472 est,
270 3402 421 3460 referenda
444 3424 507 3462 esse
538 3404 692 3475 delictum,
714 3405 767 3463 sed
791 3384 878 3463 modo
902 3406 987 3481 quasi
1001 3405 1153 3462 introitum

187 3506 350 3579 praesentis
366 3508 488 3567 actionis
508 3530 617 3589 causae
642 3512 806 3571 memorari.
844 3508 995 3572 Eiusmodi
1009 3529 1151 3567 excursus

186 3607 223 3663 de
236 3607 326 3664 rebus
346 3628 430 3667 antea
448 3613 553 3687 gestis,
582 3624 612 3670 et
634 3634 651 3668 a
668 3614 816 3692 praesenti
831 3634 918 3673 causa
934 3611 1149 3687 quodammodo

153 3719 156 3726 '
184 3710 304 3779 alianis,
325 3731 385 3767 non
399 3725 508 3771 tantum
517 3715 597 3792 apud
609 3717 754 3787 Lnsranr,
775 3717 826 3774 sed
841 3718 922 3794 apud
936 3717 1150 3794 reliquosque·

185 3830 242 3890 'que
269 3814 407 3873 Oratores
440 3819 607 3895 frequentes
639 3833 806 3878 occurrunt.
857 3824 962 3878 Coram
994 3824 1148 3900 Areopago

184 3929 280 3974 tamen
295 3939 398 3989 omne,
420 3923 498 4001 quod
513 3945 573 3981 non
586 3926 698 4002 ipsam,
720 3926 755 3981 de
775 3947 830 4002 qua
852 3926 1009 4002 agebatur,
1030 3947 1147 3983 causam

184 4035 213 4109 ‚⁸²
234 4023 376 4087 actionem
411 4027 581 4105 spectabat,
608 4042 658 4089 aut
692 4029 729 4088 atl
756 4030 885 4087 iudicum
915 4031 1149 4087 benevolentiam

185 4129 368 4203 captandam,
389 4141 439 4187 aut
456 4129 494 4187 ad
517 4131 758 4191 misericordiam¹
772 4135 1010 4196 commovendam
1026 4154 1148 4223 corapo-
