2967 5092
642 1240 668 1315 a.
710 1244 736 1298 1.

352 1509 547 1549 INscntrTIO.
584 1506 811 1549 anoUMnN'rUM
836 1511 1017 1552 crientonis

198 1782 342 1894 Oratio,
365 1841 450 1898 quam
465 1819 551 1878 nobis
568 1818 748 1879 tractandam
765 1824 936 1891 sumsimus,
958 1824 1044 1899 vulgo
1061 1827 1167 1884 inseri·

203 1928 284 1984 bitur
310 1927 382 1981 κατὰ
412 1924 586 1996 Νικομάχου
614 1926 811 1999 Γραμματέως
835 1927 970 1983 εὐθυνῶν
1002 1938 1166 2007 κατηγορία.

203 2034 293 2091 Cuius
316 2029 512 2108 inscriptionis
526 2028 615 2085 verba
631 2027 768 2083 εὐθυνῶν
783 2037 938 2106 κατηγορία
956 2053 976 2087 ,α
993 2034 1169 2092 Grammati-

197 2112 243 2195 'cis
258 2136 354 2193 addita
371 2154 450 2206 esse,
470 2134 528 2190 iam
543 2153 560 2189 a
576 2135 712 2204 MnrJaao
728 2143 758 2187 et
782 2132 1000 2193 Senonuauno
1025 2139 1167 2196 observa-

201 2256 264 2300 tum
281 2253 325 2297 est
342 2240 407 2312 (l).
422 2271 463 2285 —
480 2238 635 2316 Inscriptio
660 2239 734 2293 κατά
755 2242 932 2313 Νικομάχου
950 2242 1048 2320 ipsum
1066 2245 1164 2301 Nico-

195 2320 343 2405 'MacuuM
356 2342 487 2401 accusari
502 2341 622 2399 indicat.
662 2342 825 2400 Discrimen
847 2344 956 2402 scilicet
976 2346 1051 2402 inter
1072 2368 1163 2406 accu-

197 2434 320 2509 sationis
337 2446 473 2506 formuias
493 2448 564 2502 κατά
581 2447 661 2510 τινὸς
676 2458 706 2503 et
727 2449 799 2524 πρὸς
814 2451 880 2504 τινά
897 2482 937 2495 -
952 2462 985 2507 ut
1001 2454 1097 2508 Latini
1112 2473 1164 2511 eo-

200 2557 266 2612 dem
281 2553 367 2611 modo
387 2571 475 2629 agere
491 2552 522 2607 in
538 2549 678 2627 aliquem,
697 2550 717 2604 i.
736 2569 764 2606 e.
783 2554 855 2607 κατὰ
872 2553 969 2625 τινὸς,
986 2566 1015 2611 et
1031 2558 1164 2615 adversus

200 2661 338 2737 aliquem,
352 2658 374 2715 i.
384 2677 412 2713 e.
428 2656 500 2732 πρὸς
516 2655 635 2709 τινά-
650 2652 706 2710 hoc
722 2668 783 2711 est:
801 2655 882 2731 prior
896 2657 1018 2716 formula
1036 2683 1162 2740 usurpa-

198 2778 264 2835 tur,
286 2764 310 2820 si
328 2762 392 2840 ipsa
416 2770 538 2839 propter
561 2758 689 2833 ἀδίκημα
713 2759 859 2834 quoddam
882 2763 991 2838 petitur
1015 2785 1158 2842 persona,

199 2881 232 2927 ut
256 2868 310 2923 hac
327 2866 465 2923 Oratione
490 2864 716 2933 Nrcoiuncnns,
746 2866 795 2938 qui
817 2864 940 2936 diutius,
963 2888 1049 2942 quam
1073 2871 1162 2927 dece-

198 2974 264 3042 hat,
286 2991 409 3038 munus,
430 2967 593 3023 rationibus
616 2987 675 3021 non
693 2967 834 3037 redditis,
863 2971 1038 3040 retinuerat,
1065 2971 1161 3049 legum

200 3079 355 3142 Souours,
378 3089 448 3146 quas
477 3068 643 3125 describere
661 3067 702 3124 illi
724 3080 786 3124 erat
806 3070 987 3143 mandatum,
1015 3075 1083 3131 alias
1108 3077 1162 3133 de-

198 3182 349 3249 scribens,
369 3176 437 3233 alias
461 3173 570 3229 delens.
610 3172 720 3229 Eodem
737 3173 842 3243 modo,
863 3187 894 3231 ut
915 3195 951 3233 ex
975 3178 1070 3236 mutus
1086 3203 1163 3257 pan.

200 3307 248 3342 cas
272 3284 370 3352 citam,
392 3279 493 3338 Oratio
518 3280 652 3348 nisus,
680 3279 710 3334 in
737 3299 794 3354 qua
819 3282 882 3354 quis
906 3302 923 3335 a
946 3281 1159 3340 Trrsouussro

198 3390 253 3445 sibi
274 3386 481 3465 exprobratum
503 3384 588 3454 dicit,
611 3392 722 3458 patrem
748 3404 778 3440 se
804 3385 961 3457 occidisse,
983 3403 1162 3466 quapropter

196 3493 294 3563 illum,
314 3512 350 3547 ex
365 3491 498 3546 sonorus
518 3487 598 3563 lege,
619 3487 799 3563 ἀνδροφόνον
812 3488 936 3564 aliquem
952 3491 1097 3567 appellare
1110 3513 1163 3549 ve-

200 3607 304 3664 tante,
332 3605 467 3666 accusat,
497 3594 570 3648 κατὰ
593 3590 776 3665 θεομνήστου
796 3593 987 3650 inscribitur:
1017 3615 1073 3668 qua
1096 3596 1161 3672 ipse

202 3699 498 3758 Earrosrflsuauin
511 3696 621 3755 iudicio
630 3696 703 3774 petit
711 3698 843 3767 Lissus,
866 3698 932 3772 quia
946 3716 1030 3755 auum
1045 3699 1161 3756 fratrem

202 3807 463 3874 Porinuiacnuu,
483 3803 589 3860 indicta
604 3821 720 3871 caussa,
740 3803 838 3858 necari
852 3802 991 3872 iusserat,
1014 3803 1161 3863 Orationis

200 3910 272 3965 κατὰ
287 3906 507 3982 Ερατοσθένους
520 3906 672 3983 inscriptio
686 3915 741 3962 est.
779 3904 827 3963 Sic
839 3908 1064 3988 Dnuosrusnrs
1086 3910 1161 3967 Ora-

192 4102 525 4125 uun-,m

235 4215 275 4283 (l)
294 4219 336 4268 De
355 4217 419 4266 Lite
436 4214 497 4266 Art.
516 4226 569 4278 pag,
582 4213 640 4264 214.
