2967 5092
658 485 699 561 '7l

180 676 320 729 {nsum
339 673 557 730 Nicomacuuro
574 688 655 727 reum
671 669 699 728 h.
716 668 737 724 l.
755 666 907 724 cavillandi
922 687 1007 724 causa
1027 673 1160 743 Nasouoi

181 778 283 847 χὶδην
303 795 445 845 vocasse,
463 775 575 831 ratione
597 776 688 850 putris
705 772 879 829 conditionis
895 770 1003 827 habita.
1038 774 1162 831 Causam

180 892 309 949 tamen,
331 898 420 954 quare
436 878 465 936 h.
476 878 496 935 l.
513 897 563 937 roo
579 877 900 953 obscurumimputaret
910 877 1158 953 originomsctor,

97 1004 102 1015 ¹
181 1003 256 1040 non
280 1002 433 1056 assequorr
466 984 567 1039 maiori
589 1002 657 1040 sune
685 980 884 1047 senatoribus,
914 998 1001 1054 quam
1024 979 1083 1056 ipsi
1103 979 1161 1036 Nl·-

180 1103 361 1155 conrrcuo,
381 1097 443 1143 erat
458 1085 613 1155 dedecori,
634 1085 714 1161 qnod
734 1085 880 1143 hominem
902 1095 962 1141 tam
985 1081 1051 1139 vilis
1066 1083 1158 1158 origi·

180 1193 237 1248 nis
254 1202 284 1247 ot
301 1190 474 1251 conditionis
489 1200 600 1247 tantum
621 1190 835 1246 concessissent
857 1198 1042 1264 potestatem.
1081 1187 1160 1245 Talis

76 1337 81 1353 .
180 1305 272 1353 certe
298 1293 460 1361 cavillatio,
488 1292 514 1349 si
536 1311 638 1348 revera
663 1303 724 1360 est,
745 1291 807 1349 aliis
823 1291 1027 1368 potissimis,
1050 1289 1158 1365 quihus

181 1399 290 1475 ipsum
305 1397 438 1473 increpat
453 1397 567 1453 Iustus
582 1395 816 1466 mammon,
834 1417 864 1453 r.
881 1417 908 1453 c.
927 1395 953 1472 ξ.
971 1394 1006 1467 3,
1021 1395 1062 1467 γἔ),
1075 1393 1114 1452 18
1127 1406 1158 1465 et

183 1501 245 1571 19,
268 1502 463 1559 convenisset.

180 1634 183 1641 »
224 1603 359 1662 Verbum
376 1623 501 1681 sequeus
517 1604 701 1667 συνδικάζειν
715 1604 786 1660 male
802 1605 1062 1680 interpretatorem
1076 1608 1162 1663 Bas·

173 1712 267 1765 'mus
282 1709 312 1764 in
319 1710 469 1784 prooemio
488 1708 571 1765 huius
586 1707 686 1775 Orat,
696 1726 787 1783 penes
800 1716 926 1765 senatum
942 1727 998 1771 esse
1016 1709 1156 1767 iudicimn

171 1815 277 1887 ferre.
310 1811 398 1869 Modo
420 1810 477 1867 hoc
493 1810 654 1885 significat,
674 1809 728 1865 hac
744 1809 807 1884 lege
827 1810 941 1866 senatui
955 1831 1013 1869 uua
1026 1831 1091 1867 cum
1108 1812 1158 1869 iu.

183 1914 306 1972 dinibus
336 1914 472 1989 suffragia
503 1915 579 1970 ferre
606 1914 750 1980 concedi,
778 1932 846 1971 nam
876 1913 1000 1970 uerbum
1024 1915 1156 1979 δικάζειν

177 2018 356 2077 sollenniter
376 2018 415 2077 'ab
434 2017 609 2077 Oratoribus
635 2016 671 2073 de
690 2018 725 2073 iis
747 2017 868 2086 dicitur,
901 2038 992 2095 penes
1018 2039 1092 2094 quos
1107 2031 1156 2078 est

179 2123 325 2185 iudicium
334 2123 522 2186 —douo'otac
536 2119 677 2180 εἷναν-.
715 2123 741 2178 Α
749 2122 942 2197 grammaticis
956 2136 1054 2181 autem
1064 2126 1153 2195 etiam

17 1550 30 2327 l
161 2232 346 2303 'usurpetur
370 2227 406 2284 de
428 2227 500 2297 illis,
531 2228 581 2303 qui
607 2226 760 2304 ἡγεμονίαν
784 2233 836 2284 τοῦ
853 2228 1045 2303 δικαστηριοῦ
1060 2229 1155 2285 habe-

19 2340 25 2419 l
177 2331 275 2391 ,bantr
298 2329 346 2388 off.
361 2330 449 2395 locia
467 2333 584 2395 Mutua·
601 2342 630 2387 ct
650 2332 792 2387 Senones.
816 2330 836 2387 Ι.
849 2330 870 2388 l.
887 2351 921 2407 p.
934 2330 973 2389 28
997 2352 1028 2387 n.
1046 2332 1064 2389 5
1088 2332 1153 2388 lau-

175 2434 258 2491 dati.
291 2436 336 2493 De
362 2434 424 2510 lege
449 2435 514 2511 ipsa
533 2454 548 2489 a
566 2434 755 2490 Nicomcno
783 2434 915 2490 Son-oms
930 2434 1045 2493 nomine
1068 2435 1153 2495 allatu

181 2538 245 2595 vid.
265 2539 425 2594 Peuma.
439 2537 528 2595 Proc.
546 2536 604 2594 rol.
617 2539 644 2591 1.
661 2556 694 2612 p.
708 2534 747 2594 62
765 2556 829 2611 sqq.

226 2641 253 2717 ξ.
271 2641 316 2699 12.
335 2663 367 2720 p.
381 2641 439 2703 849
456 2641 494 2698 R.
528 2642 663 2717 Σάτυρος
686 2646 735 2699 nat
760 2642 904 2712 Κλεοφῶν
926 2643 956 2699 οἱ
981 2645 1039 2701 τῶν
1065 2648 1152 2722 spod-

180 2766 276 2805 νοντα
308 2750 470 2826 γενόμενον.
510 2747 566 2803 Pro
593 2747 709 2804 nomine
740 2748 862 2824 proprio
885 2750 1042 2821 Κλεοφῶν,
1072 2750 1153 2825 quod

184 2853 267 2910 Mss.
295 2852 423 2920 habant,
452 2851 608 2907 Scnourus
641 2863 671 2907 et
704 2852 877 2907 Tmoaus
907 2853 1007 2927 legunt
1029 2855 1151 2930 Χρέμων

185 2957 242 3031 (cf.
260 2956 287 3032 ξ.
298 2956 361 3027 lt).
389 2957 577 3011 Panaenums
593 2953 667 3009 duos
684 2953 775 3010 fuisse
790 2956 1016 3011 Cneornourns
1031 2959 1148 3026 statuit,

175 3062 308 3118 ,alterum
324 3057 525 3136 popularem,
553 3075 645 3111 unum
668 3056 919 3130 eTriginta-viris
940 3058 1075 3115 alterum.
1112 3062 1149 3118 In

174 3165 315 3239 ¹cutalogo
339 3175 436 3220 tantm
463 3160 755 3236 Triginta-virorum,
784 3161 998 3219 aXeu.Hcll.
1016 3162 1149 3235 11.3,2

185 3268 273 3325 nobis
287 3267 409 3337 tradito,
429 3266 630 3323 necSATrltus
645 3287 740 3342 ncque
756 3269 927 3325 Cunouuou
943 3281 1151 3337 memorantur.

187 3372 311 3442 Eadem,
332 3373 422 3429 etiam
445 3373 469 3429 si
485 3393 539 3449 pro
557 3373 767 3428 Cnnorrsours
787 3373 905 3448 Χρέμων
925 3374 1068 3449 legimus,
1089 3395 1152 3430 ma-

186 3486 238 3531 uet
260 3475 429 3546 difficultas,
453 3476 589 3552 quoniam
612 3474 772 3544 simus,
804 3496 928 3550 quocum
946 3477 1149 3551 coniungitur,

182 3579 222 3635 de
246 3598 366 3636 numero
386 3579 677 3637 Undecim-virorum
693 3591 723 3635 et
749 3580 865 3653 quidem
885 3582 1073 3653 θρασύτατος
1093 3582 1151 3636 τῶν

183 3681 288 3741 ἕνδεκα
311 3687 359 3739 καὶ
380 3683 600 3771 νἰνοιιδὲστοντοςΙ
611 3682 707 3754 (Xsu.
723 3681 805 3739 IIell.
823 3684 865 3739 II.
879 3679 917 3751 3,
936 3680 970 3752 4)
987 3682 1053 3738 suit.
1091 3683 1150 3753 Sed

172 3787 267 3851 ‚multi
296 3788 492 3844 recentiorum
521 3787 695 3864 scriptorum
723 3786 1005 3861 Triginta-virorum
1027 3808 1149 3847 numero

186 3906 287 3970 postea
313 3895 470 3949 Sannum
492 3893 672 3969 adscriptum
697 3890 785 3946 luisse
815 3901 959 3947 statuunt:
992 3891 1148 3950 cff.Hem-

186 4014 289 4054 utens.
306 3999 340 4054 de
357 3997 493 4056 Therona.
513 3997 610 4054 Urisio
629 4005 656 4051 ct
672 3995 700 4054 T
700 3995 814 4067 hrasyb.
835 4016 867 4072 p.
886 3994 945 4063 60,
972 3995 1149 4053 Unuuicns.

186 4099 220 4155 de
244 4100 464 4159 Undecim-ririr
482 4122 513 4175 p.
529 4099 601 4172 258,
624 4120 696 4176 quos
721 4100 811 4156 libros
836 4100 980 4177 inspicere
1006 4101 1074 4156 mihi
1091 4122 1148 4158 non
