2967 5092
833 562 872 631 16

371 751 450 807 viros
467 750 505 806 ad
519 747 594 806 idem
611 769 715 808 munus
732 752 821 810 creati
840 742 1094 824 mansionaticum
1115 767 1265 812 vocantur.
1285 750 1332 810 Ci.

362 854 458 910 ‘Anu
478 856 511 909 de
526 854 618 927 Mysi.
638 876 671 930 p.
684 853 723 911 40
738 876 803 930 sqq.

363 984 368 989 ·
398 961 491 1013 inter
516 957 569 1014 hos
590 979 606 1013 a
628 959 826 1014 Tfluctrnrnr
855 960 873 1014 Ι.
897 958 916 1014 l.
943 973 1117 1016 memoratos
1142 960 1328 1017 Nomothetas

366 1062 586 1118 circumsonent
602 1060 712 1125 huncce
730 1063 818 1119 fuisse
835 1063 1006 1138 priusquam
1021 1074 1197 1134 statuamus,
1208 1064 1333 1120 difficui.

363 1178 431 1234 tas,
454 1186 540 1240 quarn
557 1167 657 1221 Trtuc.
672 1167 876 1242 praecedentia
891 1172 956 1239 (uei
974 1168 1087 1239 μισθὸν
1104 1169 1211 1240 μηδένα
1225 1169 1326 1243 φέρειν

368 1271 494 1346 μηδεμιᾷ
515 1269 603 1345 ἀρχῇ)
620 1268 763 1339 offerunt,
784 1270 909 1327 tollenda
927 1285 982 1328 est.
1020 1273 1236 1329 Nrcouucuum
1253 1274 1329 1328 enirn

366 1370 531 1431 inercedem
542 1376 697 1451 accepisse,
710 1368 990 1450 LYs1As§.2veri)is
1002 1382 1071 1433 καθ’
1082 1376 1204 1447 ἑκάστην
1217 1376 1250 1433 δὲ
1261 1376 1327 1448 riui-

362 1502 421 1555 -ραν
432 1479 571 1557 ἀργύριον
586 1479 752 1551 λαμβάνων,
773 1480 840 1535 satis
854 1481 1009 1556 perspicue
1025 1482 1144 1537 indicat.
1173 1484 1216 1538 De
1237 1480 1331 1557 ampla

365 1598 396 1639 et
412 1585 522 1652 incerta
538 1582 675 1640 vocabuli
692 1582 782 1657 ἀρχῆς
798 1581 1006 1659 significatione
1028 1583 1085 1637 iam
1104 1605 1208 1661 supra,
1229 1583 1331 1663 μμ

365 1711 398 1746 n.
413 1689 447 1759 2,
472 1688 686 1745 annotavimus.
731 1688 796 1744 Non
819 1689 907 1763 igitur
927 1687 1080 1743 verisimile
1105 1688 1198 1759 duco,
1230 1708 1329 1747 omnes

362 1794 552 1868 magistratus
570 1792 659 1847 -de
677 1812 801 1867 quorum
817 1792 948 1848 mercede
969 1792 1018 1849 cff⁴
1030 1794 1170 1849 Borean.
1187 1794 1253 1852 Oce·
1265 1795 1327 1852 civ.

359 1896 434 1957 ·Voi.
448 1899 472 1952 Ι.
500 1918 531 1972 p.
548 1893 712 1954 tit-260
735 1909 764 1952 et
782 1897 939 1954 Wicnsn.
963 1897 1038 1955 Ant.
1055 1897 1136 1955 Hell.
1164 1899 1231 1959 Vol.
1250 1900 1292 1955 Π.
1315 1898 1327 1953 l

365 2023 398 2077 p.
420 1997 581 2056 122-124
606 2031 646 2044 -
672 2019 791 2056 munere
819 2000 880 2056 sine
907 2001 963 2055 ulla
992 2001 1125 2056 mercede
1152 2014 1273 2078 accepta
1293 2020 1329 2058 eo

361 2105 484 2161 iunctos
509 2121 572 2158 esse
597 2113 750 2178 tempore,
769 2102 820 2158 sed
843 2102 974 2179 inprimis
996 2103 1181 2176 Magistratus
1206 2107 1330 2162 maiores

366 2209 397 2264 h.
408 2208 428 2262 l.
438 2205 801 2263 Tflucannumindicare
820 2205 964 2262 voluisse:
985 2207 1143 2280 antiquitus
1159 2208 1235 2262 enim
1251 2208 1331 2286 apud

366 2310 557 2367 Athenienses
581 2308 636 2367 hoc
659 2310 817 2384 ὑπηρεσίαν
833 2312 907 2365 inter
923 2324 952 2366 et
968 2311 1060 2386 ἀρχήν
1083 2311 1245 2369 discrimen>
1257 2315 1330 2370 iuis·

366 2435 413 2484 se,
442 2415 520 2490 quod
544 2414 685 2491 ὑπηρεσίᾳ
717 2413 799 2488 fungi
828 2414 961 2471 mercede
986 2415 1123 2471 conducti
1144 2416 1325 2485 dicerentur,

365 2519 440 2595 ἀρχή
466 2530 566 2576 contra
582 2529 773 2595 usurparetur
790 2518 826 2573 de
851 2517 902 2585 iis,
927 2518 976 2593 qui
1002 2521 1126 2593 gratuito
1150 2539 1212 2575 rem
1235 2522 1330 2577 admi-

365 2622 527 2678 nistrabant
542 2620 706 2697 publicam,
722 2621 924 2677 animadvertit
934 2622 1131 2679 Bonorum.
1150 2646 1181 2701 p.
1192 2626 1248 2683 257
1266 2626 1327 2698 (l).

358 2728 465 2800 ¹Neque
484 2727 544 2782 sine
565 2745 651 2781 causa
675 2723 730 2780 hoc
755 2724 903 2780 decretum
926 2744 1007 2796 esse,
1031 2745 1066 2782 ex
1081 2727 1116 2783 iis
1135 2747 1207 2801 quae
1226 2731 1329 2782 Tunc.

364 2834 431 2906 cap.
446 2828 485 2887 69
498 2829 627 2885 eiusdem
645 2828 712 2885 libri
726 2842 840 2900 narrat,
863 2828 1073 2886 coniiciendum
1089 2843 1144 2887 est.
1165 2856 1167 2861 ⁴
1184 2833 1330 2903 Quadrin-

362 2935 442 3010 genti
465 2934 559 3007 enim,
588 2934 712 3013 imperio
736 2946 897 3012 occupato,
922 2935 1075 2993 Senatores
1096 2936 1326 3012 abrogaverant,

363 3040 417 3098 sed
439 3059 484 3095 ne.
505 3051 549 3097 tot
571 3039 701 3096 homines
724 3041 811 3097 novis
835 3039 925 3097 rebus
951 3052 1136 3117 exasperatos
1168 3053 1197 3097 et
1225 3041 1328 3098 animis

360 3144 497 3200 alienatos
518 3144 711 3214 dimitterent,
740 3139 824 3201 εἷπον
851 3146 953 3207 αὐτοῖς
986 3144 1095 3206 ἐξιέναι
1118 3147 1252 3217 λαβοῦσι.
1276 3147 1328 3200 τὸν

362 3247 490 3320 μισθόν,
518 3245 620 3320 ἔφερον
644 3246 676 3304 δὲ
701 3247 804 3309 αὐτοῖς
826 3252 879 3301 τοῦ
906 3247 1067 3304 ὑπολοίπου
1090 3253 1198 3323 χρόνον
1219 3251 1327 3310 παντὸς

363 3348 466 3413 αὐτοὶ,
488 3355 536 3404 καὶ
557 3349 689 3411 ἐξιοῦσιν
710 3352 864 3418 ἐδίδοσαν,
893 3350 914 3405 i.
931 3369 960 3406 e.
980 3351 1143 3406 mercedem
1158 3351 1211 3408 ittts
1227 3353 1326 3408 solve-

360 3453 435 3511 hant
451 3453 542 3510 totius
566 3454 706 3530 temporis
729 3453 809 3527 quod
831 3454 973 3529 reliquum
1000 3467 1061 3510 erat
1085 3453 1123 3509 ad
1150 3475 1257 3511 annum
1275 3476 1328 3511 ex-

360 3557 515 3636 plendum:
547 3556 595 3615 cff.
623 3561 764 3614 Boscnu.
788 3558 808 3613 l.
831 3557 851 3614 l.
878 3581 909 3635 p.
933 3558 1004 3626 250,
1034 3559 1163 3629 MutJuu.
1187 3562 1220 3616 de
1245 3561 1323 3618 Bon.

361 3663 470 3722 Bamn.
485 3661 547 3739 p.9
564 3675 594 3719 et
608 3666 753 3720 Dorum
769 3663 892 3720 Advers.
910 3665 953 3719 ad
963 3665 991 3719 h.
1008 3662 1047 3729 l.;
1069 3663 1150 3719 aliter
1165 3678 1261 3723 autem
1277 3684 1331 3720 ex-

392 3986 638 4054 (naumurum
657 3987 804 4053 rationem,
829 3998 858 4038 ut
875 3985 942 4039 hunc
968 3984 1069 4040 Thur.
1096 3987 1179 4040 locum
1205 3983 1319 4055 explica-

359 4088 432 4143 rent,
451 4076 563 4127 inierunt
588 4075 749 4142 interpretes.
785 4075 844 4134 vit.
865 4075 976 4147 Poppo
1003 4080 1032 4129 in
1049 4077 1122 4131 Aren.
1139 4076 1178 4128 od
1193 4076 1226 4133 L.
1245 4071 1322 4128 Vill-

358 4184 413 4235 cap.
432 4168 457 4221 6.
