2967 5092
814 548 873 620 Μ,

360 730 536 792 denunciare
545 748 660 814 posset,
682 739 733 795 sed
745 740 806 816 ipsi
820 762 874 820 pro
893 740 1064 801 auctoritate
1076 762 1138 809 eam
1153 745 1322 823 irrogabant

357 841 567 913 magistratus,
597 842 635 899 cs.
660 845 746 901 Dent.
777 865 842 903 αακ.
873 847 951 905 Μία,
977 870 1009 925 p.
1035 848 1111 917 572,
1149 850 1270 906 Msrsn.
1293 863 1322 909 et

356 943 493 1001 Scironis.
510 944 543 1000 de
557 943 622 1002 tue
635 946 701 1005 Art.
721 969 754 1026 p.
770 947 810 1007 34
824 961 853 1006 et
864 950 931 1009 565.
959 953 1039 1008 Hanc
1058 956 1320 1030 tamenrnagietra·

357 1054 442 1105 tuum
456 1059 630 1126 potestatem
647 1052 732 1109 certis
750 1052 840 1110 inisse
858 1054 973 1132 iegibus
991 1055 1179 1128 obstrictam,
1202 1059 1319 1117 exioco

355 1153 440 1211 Duos.
460 1156 525 1211 adr.
553 1153 684 1212 Macarr.
710 1155 852 1229 vidimus,
874 1159 926 1216 ubi
953 1178 1042 1236 quum
1061 1159 1097 1215 de
1113 1161 1277 1233 Archonte,
1300 1183 1319 1219 a

351 1257 727 1336 Grammaticis'Eponymo
745 1261 840 1332 dicto,
861 1274 980 1338 agatur,
996 1264 1102 1321 Orator
1121 1286 1153 1341 p.
1171 1266 1247 1326 1076
1260 1269 1317 1326 ait:

351 1366 456 1438 κύριος
465 1362 537 1418 ἔσται
551 1361 703 1435 insidiam
718 1367 790 1421 κακοὶ
808 1386 841 1422 to
856 1367 950 1435 τέλος,
972 1369 1030 1424 i.e.
1047 1368 1085 1442 ad
1100 1381 1210 1427 certam
1224 1392 1318 1448 usquc

351 1485 492 1525 summam
517 1466 687 1524 muletarum
709 1469 942 1544 inponendarurn
958 1473 986 1528 ei
1001 1472 1038 1530 sit
1056 1484 1205 1552 potestas3
1244 1477 1317 1535 haee

351 1572 429 1629 enim
450 1571 540 1627 rerba
569 1578 628 1627 n'on
652 1571 687 1626 de
707 1591 805 1640 censu,
827 1584 859 1629 ut
883 1574 1001 1630 Rsrstt.
1023 1576 1115 1634 voluit
1134 1581 1164 1636 in
1187 1581 1259 1639 Inar.
1276 1583 1322 1639 ad

350 1675 434 1736 Bam.
461 1696 485 1732 s.
509 1697 539 1731 v.
565 1676 664 1743 τέλος,
691 1674 876 1751 intelligenda
898 1698 982 1749 esse,
1009 1692 1089 1736 recte
1110 1685 1317 1744 animadvertit

349 1781 619 1855 insurrecturum
629 1782 749 1855 ἀτιμίας
767 1803 797 1858 p.
808 1780 882 1851 226,
900 1783 1035 1855 quoniam
1050 1785 1159 1844 nuiiurn
1172 1789 1313 1847 indicium

345 1898 454 1955 exstat,
476 1885 620 1942 eiusmodi
634 1905 743 1942 morem
760 1886 878 1942 Athenis
903 1886 1080 1958 obtinuisse,
1106 1893 1181 1948 utin
1196 1895 1313 1954 mulctis

343 1988 521 2045 definiendis
545 1989 619 2044 ratio
646 2009 751 2045 census
775 1989 948 2060 haberetur,
979 1993 1017 2048 cf.
1037 1995 1200 2054 Pitanen.
1219 1998 1311 2058 Proc.

347 2094 407 2151 vol.
424 2095 450 2150 1.
471 2113 503 2169 p.
518 2089 585 2150 309·
624 2093 737 2161 Quanta
754 2093 824 2149 baec
841 2113 952 2153 summa
970 2096 1090 2171 singuiis
1107 2102 1193 2156 fuerit
1214 2105 1310 2179 Magi·

345 2198 501 2266 stratibus,
529 2216 588 2252 non
611 2206 745 2262 constat;
774 2196 854 2271 apud
874 2199 988 2254 Asson.
1014 2199 1042 2256 in
1063 2201 1211 2262 I'r‘marclr.
1238 2208 1308 2283 μδ

341 2320 389 2360 vs.
405 2301 441 2359 36
469 2300 569 2377 Stept.
609 2299 762 2367 Proedris,
786 2300 926 2375 cuiusque
946 2305 1084 2374 oratoris,
1107 2308 1156 2381 qui
1174 2309 1307 2367 ordinem

338 2406 369 2465 in
396 2405 585 2464 concionibus
615 2403 829 2459 observandum
853 2404 1013 2477 violasset,
1037 2409 1074 2464 ad
1097 2410 1306 2488 quinquaginta

340 2512 500 2570 Drachutas
525 2507 682 2565 mulctandi
702 2508 872 2564 conceditur
887 2521 1017 2584 potestas
1045 2513 1095 2584 (de
1119 2535 1175 2591 qua
1199 2536 1305 2575 corru-

341 2630 393 2696 pta
415 2636 449 2672 ac
465 2614 563 2671 mutila
581 2612 644 2687 lege
660 2612 721 2668 rid.
741 2611 876 2668 Scrtottnt.
891 2615 926 2668 de
947 2615 1025 2672 Gom.
1045 2637 1076 2692 p.
1096 2617 1149 2677 115
1167 2642 1198 2677 n.
1215 2621 1253 2679 29
1273 2634 1304 2681 et

340 2744 373 2800 p.
394 2721 481 2790 218).
526 2717 643 2772 Senatui
666 2727 763 2774 antem
788 2717 961 2792 quingentas
977 2720 1118 2795 inponere
1142 2725 1303 2784 Drachmae

334 2828 434 2886 licuit:
462 2823 523 2879 vid.
539 2824 621 2879 Dttttt.
640 2822 671 2875 in
689 2820 804 2895 Euerg.
821 2835 851 2877 et
865 2822 992 2899 Mnesip.
1010 2845 1042 2900 p.
1061 2825 1152 2884 1152:
1174 2848 1232 2904 quo
1254 2828 1302 2887 lo·

337 2951 372 2987 co
388 2929 424 2985 de
441 2938 541 2985 senatu
560 2925 675 2983 locutus
689 2927 747 2982 ait:
766 2923 881 3003 7κότερα
902 2928 1079 3006 δικαστηρίῳ
1099 2932 1258 3007 παραδοίη,
1281 2936 1301 3005 ἧ
1342 3011 1345 3014 ἢ

334 3035 489 3110 ζημιώσειε
512 3042 576 3096 ταῖς
590 3037 813 3099 πεντακοσίαις,
840 3036 911 3089 ὅσου
933 3029 967 3105 η”κ
985 3042 1069 3112 κυρία
1092 3040 1164 3095 κατὰ
1180 3040 1232 3096 τὸν
1245 3042 1293 3096 κό-

337 3162 401 3214 por.
442 3143 484 3196 De
512 3138 629 3214 reliquis
655 3144 751 3192 tamen
775 3139 991 3212 Magistratibus
1010 3162 1067 3196 non
1085 3154 1213 3210 constat,
1234 3145 1296 3198 vid.

332 3240 452 3303 Portas.
467 3241 557 3299 Pron.
576 3240 665 3295 vobi
692 3260 724 3313 p.
738 3237 797 3295 310
818 3260 900 3314 sqq.,
922 3244 1081 3300 Harma.
1105 3244 1140 3300 de
1159 3246 1206 3302 lic
1224 3246 1295 3301 Iud.

332 3366 365 3426 p.
382 3343 559 3406 tlt-1220.
597 3344 627 3399 si
644 3344 751 3411 maior,
773 3363 858 3418 quam
882 3363 954 3419 quae
978 3349 1137 3402 secundum
1160 3347 1238 3422 leges
1258 3350 1294 3406 iis

328 3456 470 3531 inponere
484 3452 600 3520 liceret,
622 3447 825 3524 requirebatur
847 3469 959 3524 poena,
981 3469 1028 3506 res
1050 3451 1087 3504 ad
1101 3450 1227 3507 tribunal
1242 3455 1295 3509 de·

330 3560 493 3626 ferebatur,
517 3577 574 3631 quo
600 3556 674 3610 iacto
698 3555 783 3610 iidem
807 3554 990 3628 Magistratus
1014 3564 1043 3607 et
1064 3555 1241 3613 accusabant
1262 3571 1293 3614 ct

329 3664 430 3721 iudicii
451 3673 532 3718 erant
554 3661 687 3738 ηηὲμοκες
700 3683 706 3714 :
721 3666 724 3671 ’
741 3659 780 3716 ci.
807 3659 927 3713 Pnarct.
948 3658 968 3713 i.
982 3657 1002 3713 l.
1026 3678 1058 3734 p.
1076 3657 1151 3728 213,
1173 3663 1290 3720 Marsa.

325 3778 356 3824 et
378 3765 518 3821 Scironis.
537 3761 557 3818 l.
573 3764 593 3819 i.
612 3786 643 3840 p.
657 3763 722 3821 566.
762 3763 808 3818 sic
824 3764 910 3818 etiam
928 3763 1007 3819 Xon.
1024 3756 1291 3829 llet't.1.V11.,9t

327 3883 405 3930 certe
425 3867 627 3942 intelligendus
650 3879 718 3922 est:
746 3868 936 3942 Λρχὲδημος,
965 3869 1033 3925 τόκα
1055 3868 1235 3944 προέστηκας
1256 3868 1288 3923 ὲκ

324 3975 460 4047 Αθήιαις
478 4005 517 4018 -
535 3970 695 4046 Ερασικίδη
709 3969 848 4043 ἐπιβολήν
862 3969 1008 4044 ἐπιβαλὼν
1027 3975 1179 4050 κατηγόρει
1196 3972 1227 4026 ἐκ
1240 3973 1284 4026 δι·

324 4088 468 4157 καστηρίω
494 4077 627 4152 (ubipro
646 4075 736 4131 verbo
761 4075 914 4147 ἐπιβολήν,
945 4080 1024 4152 quod
1039 4082 1162 4145 Morus,
1183 4076 1288 4132 admo-

322 4200 408 4247 nente
423 4186 578 4243 Titiano
595 4180 625 4237 in
643 4178 759 4237 Annos
780 4182 824 4235 ad
842 4178 910 4253 Lys.
927 4180 959 4237 in
978 4181 1092 4238 Andos.
1111 4201 1143 4257 p.
1157 4179 1229 4251 219,
1253 4181 1284 4251 in
