2967 5092
588 572 690 636 ’13

195 752 541 825 01·dinarii,'vocsntur:
567 776 582 810 e
601 757 710 830 quibus
726 755 826 812 'verbis
842 754 927 812 simul
945 755 1099 827 discimus,
1118 759 1157 815 il-'

195 857 240 915 los
264 859 513 917 Extraordinarios
535 880 552 915 a
578 859 685 917 Senatu
704 860 804 917 creari.
843 862 886 916 Ex
911 881 1031 919 numero
1053 862 1159 925 borum

196 964 357 1021 secundum
376 965 446 1022 illud
468 966 613 1022 Tisameni
631 970 818 1022 memoratum
849 964 1015 1042 psephisma
1043 976 1159 1027 creato-t

194 1086 260 1125 rum
284 1064 521 1126 Nomothetarum
551 1068 772 1126 Nrconscnun
796 1067 906 1137 luisse,
935 1089 1001 1127 mox
1028 1071 1156 1146 probare

196 1174 382 1239 conabimur,
406 1174 451 1229 cui
470 1193 556 1249 quum
573 1193 624 1244 ea,
645 1194 717 1248 quse
735 1185 817 1230 actor
837 1172 985 1248 §.ltdicit⁸
1003 1193 1086 1231 reum
1101 1195 1158 1235 ne-,

195 1297 250 1351 que
265 1280 391 1334 rationes
404 1278 542 1348 reddere,
563 1298 657 1352 neque
683 1296 800 1335 munere
820 1297 850 1333 se
868 1277 1004 1334 abdicare
1027 1278 1155 1335 voluisse

193 1394 259 1438 nnte
283 1382 456 1439 calamitates
478 1395 545 1459 post
562 1401 690 1457 pugnam
713 1381 793 1457 apud
815 1385 910 1456 Aegos
934 1383 1082 1451 Patnmos,
1105 1403 1153 1438 re-

192 1507 323 1566 pugnare
347 1487 518 1556 rideantur,
538 1487 666 1563 primum
686 1479 789 1562 paneis
805 1487 903 1542 verbis
926 1487 1020 1543 dicere
1036 1487 1149 1564 placet:

192 1592 413 1648 Niconsscnun
435 1592 481 1647 bis
501 1590 596 1666 logum
613 1591 871 1647 describendarum
887 1612 1005 1647 munere
1021 1593 1154 1649 sunctum

192 1713 272 1764 esse,
294 1706 323 1749 et
336 1696 462 1770 primum
473 1695 587 1771 quidem
607 1706 674 1770 post
689 1696 1018 1771 Quadringentos-vrros
1033 1698 1151 1768 eiectos,

192 1799 272 1873 quod
297 1819 403 1856 munus
422 1820 476 1878 pro
500 1808 625 1875 quatuor
650 1800 787 1856 mensibus
807 1798 841 1854 in
861 1802 1022 1855 sexennium
1050 1803 1151 1873 traxit,

190 1915 338 1978 postremo
363 1914 431 1979 post
455 1903 734 1976 Triginta-virorum
759 1902 928 1978 imperium,
948 1925 1054 1979 quum,
1076 1907 1156 1982 quod

190 2004 231 2060 illi
244 2025 298 2080 per
318 2025 403 2062 unum
423 2025 539 2062 mensem
557 2025 727 2063 concessum
745 2018 806 2063 erat
823 2027 945 2077 munus,
966 2017 1091 2083 quatuor
1104 2029 1154 2064 re-

189 2110 273 2166 tinuit
292 2129 398 2165 annos:
417 2110 499 2166 cuius
522 2111 680 2167 sententiae
705 2123 940 2185 argumentorum
964 2113 1086 2188 amplius
1103 2132 1155 2170 ex-

190 2213 393 2291 ponendorum
410 2214 547 2290 frequens
573 2217 603 2271 in
630 2215 751 2272 aliorum
777 2214 965 2291 opinionibus
990 2217 1153 2276 refellendis

192 2335 223 2372 se
240 2316 341 2373 offeret
358 2318 483 2380 occasio.

228 2422 271 2477 Ex
289 2420 406 2478 historia
427 2422 515 2496 igitur
529 2422 726 2495 inquiramus,
751 2442 836 2494 quam
863 2421 902 2476 ob
917 2441 978 2477 rom
1002 2423 1031 2480 hi
1045 2426 1153 2484 Nome-

188 2525 284 2580 thetac
299 2526 526 2581 Extraordinarii
541 2526 596 2582 sint
612 2524 754 2592 instituti,
776 2544 891 2598 quoque
911 2537 1042 2602 ternpore
1058 2530 1153 2605 prims

187 2648 289 2685 eorum
305 2628 355 2684 fiat
369 2630 484 2684 mentio.

229 2733 330 2789 Statim
346 2746 414 2811 post
429 2735 566 2790 nuncium
585 2735 753 2790 calamitatis
769 2733 879 2791 Siculae
897 2748 1067 2812 acceptum,
1088 2758 1152 2794 ma-

188 2839 325 2911 gistratus
333 2838 483 2895 instituere
498 2852 576 2895 extra
586 2839 762 2894 ordinem-
770 2837 861 2913 σὶρχήν
876 2861 943 2894 τινα
955 2840 1153 2917 πρεσβυτέρων

191 2941 302 3017 ἀνδρῶν
318 2943 441 3001 ἑλέσθαι
462 2946 568 3004 οἵτινες
582 2947 647 3015 περὶ
671 2943 728 2996 τῶν
743 2943 893 3016 παρόντων
915 2942 953 3005 ὡς
969 2943 1004 2998 ἄν
1019 2949 1121 3022 καιρὸς
1135 2971 1153 3018 η

191 3046 456 3122 προβουλεύσουσι,
478 3047 579 3101 Tunc.
599 3046 683 3103 VIII.
706 3046 779 3100 1-
803 3045 840 3100 ab
864 3044 1087 3109 Atheniensibus
1108 3061 1153 3107 est

190 3152 349 3208 decretum.
388 3150 433 3207 Cf.
453 3149 610 3204 Wscnsm.
625 3151 668 3206 II.
685 3151 708 3204 Ι.
728 3171 760 3225 p.
779 3146 842 3205 198.
883 3152 1013 3222 Quorum
1028 3151 1152 3227 dignitas

191 3278 286 3313 annua
302 3257 391 3314 fuisse
411 3254 535 3311 videtur.
573 3252 643 3311 vid.
662 3252 800 3309 Scnonm.
823 3253 897 3309 Ant.
917 3254 952 3312 J.
969 3254 1009 3312 P.
1037 3279 1068 3333 p.
1089 3256 1151 3316 18¹.

189 3364 227 3419 Hi
242 3364 441 3439 magistratus,
465 3359 625 3436 πρόβουλοι
639 3360 752 3426 vocati,
775 3358 844 3434 quid
861 3360 1037 3435 reipublicae
1064 3383 1154 3439 prae-

188 3467 313 3524 stiterint
328 3488 343 3521 a
361 3468 556 3522 TnueYntnu
577 3483 637 3520 non
656 3473 852 3528 memoratur,
874 3482 933 3518 non
954 3464 1004 3520 diu
1030 3484 1149 3520 munere

187 3571 304 3627 Iunctos
319 3589 382 3625 esse
400 3570 517 3625 erebus
527 3579 629 3645 postea
645 3565 733 3641 gestis
751 3577 891 3640 apparet:
913 3585 1003 3639 quum
1016 3569 1092 3623 enim
1108 3570 1152 3625 ci-

187 3673 285 3728 vitatis
299 3672 375 3728 salus
391 3674 422 3727 in
443 3675 711 3730 uno'Ancnnnms
725 3669 840 3738 reditu,
860 3668 928 3742 quI,
943 3671 1079 3745 populari
1095 3671 1153 3728 im..

187 3778 270 3854 perio
292 3776 322 3831 in
343 3774 533 3850 Oligarchiam
558 3795 716 3841 converso,
738 3792 768 3828 se
792 3772 821 3827 in
844 3772 969 3850 patriam
989 3774 1150 3834 rediturum

189 3881 333 3958 pollicitus
351 3892 427 3945 erat,
450 3882 545 3958 posita
559 3900 622 3937 esse
639 3878 804 3947 videretur,
828 3878 991 3934 I'tssnnnn
1007 3898 1072 3934 cum
1087 3881 1149 3939 aliis

189 3985 326 4054 eclasse,
354 3980 434 4058 apud
458 3982 572 4041 Samum
595 3995 786 4051 commorata,
807 3981 934 4038 Athenas
963 3984 1147 4057 mittebatur,

191 4102 222 4143 ut
245 4108 305 4142 rem
324 4106 389 4144 cum
407 4086 517 4161 populo
534 4089 769 4145 communicaret.
807 4087 861 4144 llic
880 4106 944 4141 cum
967 4108 1072 4144 novem
1087 4089 1149 4147 aliis

189 4192 290 4269 populi
313 4192 429 4250 decreto
448 4188 569 4264 legatus>
583 4192 708 4264 electus,
728 4204 759 4249 et
779 4191 816 4246 sd
832 4189 1054 4265 Tissaphernem
1072 4191 1151 4247 Alci-
