<?xml version="1.0" encoding="UTF-8"?>
<!DOCTYPE html PUBLIC "-//W3C//DTD XHTML 1.0 Transitional//EN"
    "http://www.w3.org/TR/xhtml1/DTD/xhtml1-transitional.dtd">
<html xmlns="http://www.w3.org/1999/xhtml" xml:lang="en" lang="en">
 <head>
  <title>
</title>
<meta http-equiv="Content-Type" content="text/html;charset=utf-8" />
  <meta name='ocr-system' content='tesseract 3.04.00' />
  <meta name='ocr-capabilities' content='ocr_page ocr_carea ocr_par ocr_line ocrx_word'/>
</head>
<body>
  <div class='ocr_page' id='page_1' title='image "./specimenliterar00weijgoog_0066.png"; bbox 0 0 2967 5092; ppageno 0'>
   <div class='ocr_carea' id='block_1_1' title="bbox 777 482 820 547">
    <p class='ocr_par' dir='ltr' id='par_1_1' title="bbox 777 482 820 547">
     <span class='ocr_line' id='line_1_1' title="bbox 777 482 820 547; baseline 0.023 -1"><span class='ocrx_word' id='word_1_1' title='bbox 777 482 820 547; x_wconf 76' lang='grc'><strong>54</strong></span> 
     </span>
    </p>
   </div>
   <div class='ocr_carea' id='block_1_2' title="bbox 307 665 1288 2515">
    <p class='ocr_par' dir='ltr' id='par_1_2' title="bbox 307 665 1288 2515">
     <span class='ocr_line' id='line_1_2' title="bbox 320 665 1288 743; baseline 0 -18"><span class='ocrx_word' id='word_1_2' title='bbox 320 668 493 743; x_wconf 77' lang='lat' dir='ltr'><strong>scriptorum</strong></span> <span class='ocrx_word' id='word_1_3' title='bbox 516 666 679 723; x_wconf 88' lang='lat' dir='ltr'><strong>testimonio</strong></span> <span class='ocrx_word' id='word_1_4' title='bbox 709 665 853 736; x_wconf 84' lang='lat' dir='ltr'><strong>adiutus,</strong></span> <span class='ocrx_word' id='word_1_5' title='bbox 886 665 985 722; x_wconf 85' lang='lat' dir='ltr'><strong>docuit</strong></span> <span class='ocrx_word' id='word_1_6' title='bbox 1008 665 1095 723; x_wconf 90' lang='lat' dir='ltr'><strong>modo</strong></span> <span class='ocrx_word' id='word_1_7' title='bbox 1118 667 1213 743; x_wconf 83' lang='lat' dir='ltr'><strong>legum</strong></span> <span class='ocrx_word' id='word_1_8' title='bbox 1236 670 1288 725; x_wconf 67' lang='grc' dir='ltr'><strong>ἀνι·</strong></span> 
     </span>
     <span class='ocr_line' id='line_1_3' title="bbox 316 770 1277 849; baseline 0.003 -21"><span class='ocrx_word' id='word_1_9' title='bbox 316 777 441 849; x_wconf 66' lang='grc' dir='ltr'><strong><em>τίγροφυ</em></strong></span> <span class='ocrx_word' id='word_1_10' title='bbox 458 774 518 828; x_wconf 82' lang='lat' dir='ltr'><strong>sive</strong></span> <span class='ocrx_word' id='word_1_11' title='bbox 546 771 702 848; x_wconf 76' lang='grc' dir='ltr'><strong><em>ἀπόγρυφυ</em></strong></span> <span class='ocrx_word' id='word_1_12' title='bbox 724 770 755 827; x_wconf 91' lang='lat' dir='ltr'><strong>in</strong></span> <span class='ocrx_word' id='word_1_13' title='bbox 776 770 921 848; x_wconf 75' lang='grc' dir='ltr'><em>Μητρῷον</em></span> <span class='ocrx_word' id='word_1_14' title='bbox 943 770 1084 841; x_wconf 84' lang='lat' dir='ltr'><strong>deducta,</strong></span> <span class='ocrx_word' id='word_1_15' title='bbox 1114 773 1165 828; x_wconf 86' lang='lat' dir='ltr'><strong>sed</strong></span> <span class='ocrx_word' id='word_1_16' title='bbox 1189 775 1277 831; x_wconf 76' lang='grc' dir='ltr'><strong><em>αὐτό·</em></strong></span> 
     </span>
     <span class='ocr_line' id='line_1_4' title="bbox 315 875 1278 953; baseline 0.007 -25"><span class='ocrx_word' id='word_1_17' title='bbox 315 895 409 951; x_wconf 69' lang='grc' dir='ltr'><strong><em>ρρυφα</em></strong></span> <span class='ocrx_word' id='word_1_18' title='bbox 425 875 455 930; x_wconf 91' lang='lat' dir='ltr'><strong>in</strong></span> <span class='ocrx_word' id='word_1_19' title='bbox 465 875 602 953; x_wconf 88' lang='lat' dir='ltr'><strong>Acropoli</strong></span> <span class='ocrx_word' id='word_1_20' title='bbox 620 886 732 933; x_wconf 84' lang='lat' dir='ltr'><strong>servata</strong></span> <span class='ocrx_word' id='word_1_21' title='bbox 746 875 847 933; x_wconf 86' lang='lat' dir='ltr'><strong>fuisse.</strong></span> <span class='ocrx_word' id='word_1_22' title='bbox 875 876 918 932; x_wconf 84' lang='lat' dir='ltr'><strong>Ex</strong></span> <span class='ocrx_word' id='word_1_23' title='bbox 934 875 1210 938; x_wconf 71' lang='lat' dir='ltr'><strong>Ponn.V111.128.</strong></span> <span class='ocrx_word' id='word_1_24' title='bbox 1230 879 1278 950; x_wconf 93' lang='lat' dir='ltr'><strong>(l)</strong></span> 
     </span>
     <span class='ocr_line' id='line_1_5' title="bbox 312 978 1283 1056; baseline 0.003 -20"><span class='ocrx_word' id='word_1_25' title='bbox 312 992 429 1050; x_wconf 88' lang='lat' dir='ltr'><strong>autem,</strong></span> <span class='ocrx_word' id='word_1_26' title='bbox 453 999 540 1055; x_wconf 91' lang='lat' dir='ltr'><strong>quem</strong></span> <span class='ocrx_word' id='word_1_27' title='bbox 563 979 650 1051; x_wconf 80' lang='lat' dir='ltr'><strong>citat,</strong></span> <span class='ocrx_word' id='word_1_28' title='bbox 677 978 750 1035; x_wconf 88' lang='lat' dir='ltr'><strong>haec</strong></span> <span class='ocrx_word' id='word_1_29' title='bbox 779 980 921 1037; x_wconf 87' lang='lat' dir='ltr'><strong>sententia</strong></span> <span class='ocrx_word' id='word_1_30' title='bbox 949 978 1014 1035; x_wconf 88' lang='lat' dir='ltr'><strong>elici</strong></span> <span class='ocrx_word' id='word_1_31' title='bbox 1038 981 1150 1056; x_wconf 87' lang='lat' dir='ltr'><strong>nequit.</strong></span> <span class='ocrx_word' id='word_1_32' title='bbox 1199 984 1283 1039; x_wconf 91' lang='lat' dir='ltr'><strong>Con·</strong></span> 
     </span>
     <span class='ocr_line' id='line_1_6' title="bbox 313 1081 1282 1158; baseline 0.005 -21"><span class='ocrx_word' id='word_1_33' title='bbox 313 1096 376 1150; x_wconf 81' lang='lat' dir='ltr'><strong>tra,</strong></span> <span class='ocrx_word' id='word_1_34' title='bbox 401 1100 475 1158; x_wconf 86' lang='lat' dir='ltr'><strong>quae</strong></span> <span class='ocrx_word' id='word_1_35' title='bbox 490 1084 679 1140; x_wconf 77' lang='lat' dir='ltr'><strong>Arurnanns</strong></span> <span class='ocrx_word' id='word_1_36' title='bbox 702 1083 723 1140; x_wconf 89' lang='lat' dir='ltr'><strong>l.</strong></span> <span class='ocrx_word' id='word_1_37' title='bbox 738 1084 779 1145; x_wconf 74' lang='lat' dir='ltr'><strong>V.</strong></span> <span class='ocrx_word' id='word_1_38' title='bbox 800 1103 827 1141; x_wconf 92' lang='lat' dir='ltr'><strong>c.</strong></span> <span class='ocrx_word' id='word_1_39' title='bbox 843 1081 892 1141; x_wconf 81' lang='lat'><strong>53.</strong></span> <span class='ocrx_word' id='word_1_40' title='bbox 930 1081 1115 1141; x_wconf 80' lang='lat' dir='ltr'><strong>Scnwnron.</strong></span> <span class='ocrx_word' id='word_1_41' title='bbox 1131 1097 1228 1141; x_wconf 77' lang='lat' dir='ltr'><strong>namet</strong></span> <span class='ocrx_word' id='word_1_42' title='bbox 1242 1087 1282 1142; x_wconf 90' lang='lat' dir='ltr'><strong>de</strong></span> 
     </span>
     <span class='ocr_line' id='line_1_7' title="bbox 311 1186 1281 1264; baseline 0.001 -19"><span class='ocrx_word' id='word_1_43' title='bbox 311 1190 556 1256; x_wconf 76' lang='lat' dir='ltr'><strong>Arannrcort&#39;rn,</strong></span> <span class='ocrx_word' id='word_1_44' title='bbox 584 1189 657 1245; x_wconf 84' lang='lat' dir='ltr'><strong>Teio</strong></span> <span class='ocrx_word' id='word_1_45' title='bbox 680 1187 797 1264; x_wconf 84' lang='lat' dir='ltr'><strong>quidem</strong></span> <span class='ocrx_word' id='word_1_46' title='bbox 820 1206 925 1264; x_wconf 78' lang='lat' dir='ltr'>genere</span> <span class='ocrx_word' id='word_1_47' title='bbox 941 1186 995 1244; x_wconf 85' lang='lat' dir='ltr'><strong>sed</strong></span> <span class='ocrx_word' id='word_1_48' title='bbox 1016 1190 1047 1244; x_wconf 89' lang='lat' dir='ltr'><strong>in</strong></span> <span class='ocrx_word' id='word_1_49' title='bbox 1062 1188 1169 1245; x_wconf 84' lang='lat' dir='ltr'><strong>civium</strong></span> <span class='ocrx_word' id='word_1_50' title='bbox 1189 1189 1281 1246; x_wconf 88' lang='lat' dir='ltr'><strong>Athe-</strong></span> 
     </span>
     <span class='ocr_line' id='line_1_8' title="bbox 311 1286 1278 1371; baseline -0.003 -19"><span class='ocrx_word' id='word_1_51' title='bbox 311 1298 444 1352; x_wconf 88' lang='lat' dir='ltr'><strong>niensum</strong></span> <span class='ocrx_word' id='word_1_52' title='bbox 463 1295 594 1352; x_wconf 81' lang='lat' dir='ltr'><strong>ordinem</strong></span> <span class='ocrx_word' id='word_1_53' title='bbox 614 1305 758 1371; x_wconf 88' lang='lat' dir='ltr'><strong>recepto,</strong></span> <span class='ocrx_word' id='word_1_54' title='bbox 779 1312 866 1351; x_wconf 89' lang='lat' dir='ltr'><strong>omne</strong></span> <span class='ocrx_word' id='word_1_55' title='bbox 889 1291 1012 1349; x_wconf 89' lang='lat' dir='ltr'><strong>dubium</strong></span> <span class='ocrx_word' id='word_1_56' title='bbox 1026 1290 1145 1348; x_wconf 85' lang='lat' dir='ltr'><strong>tollunt:</strong></span> <span class='ocrx_word' id='word_1_57' title='bbox 1169 1286 1203 1363; x_wconf 72' lang='grc' dir='ltr'><strong>ἦν</strong></span> <span class='ocrx_word' id='word_1_58' title='bbox 1224 1296 1278 1370; x_wconf 69' lang='grc' dir='ltr'><strong>γὰρ</strong></span> 
     </span>
     <span class='ocr_line' id='line_1_9' title="bbox 311 1396 1274 1473; baseline 0 -19"><span class='ocrx_word' id='word_1_59' title='bbox 311 1398 547 1473; x_wconf 76' lang='grc' dir='ltr'><strong><em>πολυχρήματος,</em></strong></span> <span class='ocrx_word' id='word_1_60' title='bbox 570 1401 607 1454; x_wconf 86' lang='grc' dir='ltr'><strong><em>τά</em></strong></span> <span class='ocrx_word' id='word_1_61' title='bbox 622 1403 650 1453; x_wconf 77' lang='grc' dir='ltr'><strong><em>τ’</em></strong></span> <span class='ocrx_word' id='word_1_62' title='bbox 671 1397 705 1453; x_wconf 76' lang='grc' dir='ltr'><strong>ἐκ</strong></span> <span class='ocrx_word' id='word_1_63' title='bbox 720 1401 773 1454; x_wconf 87' lang='grc' dir='ltr'><strong><em>τοῦ</em></strong></span> <span class='ocrx_word' id='word_1_64' title='bbox 791 1396 938 1472; x_wconf 76' lang='grc' dir='ltr'><strong><em>Μητρῴου</em></strong></span> <span class='ocrx_word' id='word_1_65' title='bbox 963 1398 1023 1453; x_wconf 84' lang='grc' dir='ltr'><strong><em>τῶν</em></strong></span> <span class='ocrx_word' id='word_1_66' title='bbox 1039 1398 1173 1454; x_wconf 80' lang='grc' dir='ltr'><strong><em>παλαιῶν</em></strong></span> <span class='ocrx_word' id='word_1_67' title='bbox 1186 1398 1274 1454; x_wconf 78' lang='grc' dir='ltr'><strong><em>αὐτό-</em></strong></span> 
     </span>
     <span class='ocr_line' id='line_1_10' title="bbox 312 1501 1280 1578; baseline 0 -23"><span class='ocrx_word' id='word_1_68' title='bbox 312 1521 407 1578; x_wconf 68' lang='grc' dir='ltr'><strong><em>γραφα</em></strong></span> <span class='ocrx_word' id='word_1_69' title='bbox 430 1506 604 1575; x_wconf 71' lang='grc' dir='ltr'><strong><em>ψηφίσματα</em></strong></span> <span class='ocrx_word' id='word_1_70' title='bbox 631 1501 846 1577; x_wconf 72' lang='grc' dir='ltr'><strong><em>ὑφαιρούμενος</em></strong></span> <span class='ocrx_word' id='word_1_71' title='bbox 871 1501 978 1558; x_wconf 75' lang='grc' dir='ltr'><strong><em>ἐκτᾶτο</em></strong></span> <span class='ocrx_word' id='word_1_72' title='bbox 996 1523 1024 1558; x_wconf 80' lang='grc' dir='ltr'><strong>κ.</strong></span> <span class='ocrx_word' id='word_1_73' title='bbox 1045 1523 1070 1558; x_wconf 89' lang='grc' dir='ltr'><strong><em>τ.</em></strong></span> <span class='ocrx_word' id='word_1_74' title='bbox 1090 1504 1116 1557; x_wconf 76' lang='grc' dir='ltr'><strong>λ.</strong></span> <span class='ocrx_word' id='word_1_75' title='bbox 1155 1502 1201 1559; x_wconf 84' lang='lat' dir='ltr'><strong>cf.</strong></span> <span class='ocrx_word' id='word_1_76' title='bbox 1225 1504 1280 1557; x_wconf 82' lang='lat' dir='ltr'><strong>lu-</strong></span> 
     </span>
     <span class='ocr_line' id='line_1_11' title="bbox 311 1603 1276 1678; baseline 0.003 -18"><span class='ocrx_word' id='word_1_77' title='bbox 311 1618 404 1660; x_wconf 71' lang='lat' dir='ltr'><strong>ntas.</strong></span> <span class='ocrx_word' id='word_1_78' title='bbox 429 1623 515 1678; x_wconf 90' lang='lat' dir='ltr'><strong>quem</strong></span> <span class='ocrx_word' id='word_1_79' title='bbox 536 1606 567 1660; x_wconf 89' lang='lat' dir='ltr'><strong>in</strong></span> <span class='ocrx_word' id='word_1_80' title='bbox 590 1625 659 1661; x_wconf 86' lang='lat' dir='ltr'><strong>ann.</strong></span> <span class='ocrx_word' id='word_1_81' title='bbox 684 1604 722 1660; x_wconf 85' lang='lat' dir='ltr'><strong>ad</strong></span> <span class='ocrx_word' id='word_1_82' title='bbox 743 1603 773 1661; x_wconf 93' lang='lat' dir='ltr'><strong>h.</strong></span> <span class='ocrx_word' id='word_1_83' title='bbox 792 1605 812 1660; x_wconf 89' lang='lat' dir='ltr'><strong>l.</strong></span> <span class='ocrx_word' id='word_1_84' title='bbox 832 1607 1016 1662; x_wconf 79' lang='lat' dir='ltr'><strong>Scuwnrorr.</strong></span> <span class='ocrx_word' id='word_1_85' title='bbox 1036 1606 1115 1662; x_wconf 84' lang='lat' dir='ltr'><strong>citat.</strong></span> <span class='ocrx_word' id='word_1_86' title='bbox 1139 1606 1220 1663; x_wconf 85' lang='lat' dir='ltr'><strong>Orat.</strong></span> <span class='ocrx_word' id='word_1_87' title='bbox 1236 1608 1276 1663; x_wconf 86' lang='lat' dir='ltr'><strong>V.</strong></span> 
     </span>
     <span class='ocr_line' id='line_1_12' title="bbox 311 1699 1274 1787; baseline -0.002 -20"><span class='ocrx_word' id='word_1_88' title='bbox 311 1731 343 1787; x_wconf 86' lang='lat' dir='ltr'><strong>p.</strong></span> <span class='ocrx_word' id='word_1_89' title='bbox 360 1708 427 1767; x_wconf 83' lang='lat'><strong>298.</strong></span> <span class='ocrx_word' id='word_1_90' title='bbox 454 1709 511 1766; x_wconf 84' lang='lat' dir='ltr'><strong>Ed.</strong></span> <span class='ocrx_word' id='word_1_91' title='bbox 529 1710 646 1766; x_wconf 74' lang='lat' dir='ltr'><strong>Purav.</strong></span> <span class='ocrx_word' id='word_1_92' title='bbox 667 1710 701 1766; x_wconf 86' lang='grc' dir='ltr'><strong><em>τὸ</em></strong></span> <span class='ocrx_word' id='word_1_93' title='bbox 718 1710 875 1785; x_wconf 75' lang='grc' dir='ltr'><strong><em>Μητρῷον,</em></strong></span> <span class='ocrx_word' id='word_1_94' title='bbox 898 1699 932 1764; x_wconf 79' lang='grc' dir='ltr'><strong>οὗ</strong></span> <span class='ocrx_word' id='word_1_95' title='bbox 956 1719 1020 1771; x_wconf 80' lang='grc' dir='ltr'><strong><em>τοῖς</em></strong></span> <span class='ocrx_word' id='word_1_96' title='bbox 1038 1712 1211 1780; x_wconf 75' lang='grc' dir='ltr'><strong><em>Ἀθηναίους</em></strong></span> <span class='ocrx_word' id='word_1_97' title='bbox 1225 1709 1274 1781; x_wconf 76' lang='grc' dir='ltr'><strong>δη-</strong></span> 
     </span>
     <span class='ocr_line' id='line_1_13' title="bbox 310 1812 1277 1890; baseline 0.002 -19"><span class='ocrx_word' id='word_1_98' title='bbox 310 1819 403 1888; x_wconf 82' lang='grc' dir='ltr'><strong><em>μόσια</em></strong></span> <span class='ocrx_word' id='word_1_99' title='bbox 415 1815 511 1870; x_wconf 82' lang='grc' dir='ltr'><strong><em>πάντα</em></strong></span> <span class='ocrx_word' id='word_1_100' title='bbox 532 1812 711 1885; x_wconf 78' lang='grc' dir='ltr'><strong><em>ἐφυλάττετο</em></strong></span> <span class='ocrx_word' id='word_1_101' title='bbox 734 1816 769 1870; x_wconf 76' lang='lat' dir='ltr'><strong>roi</strong></span> <span class='ocrx_word' id='word_1_102' title='bbox 794 1814 957 1890; x_wconf 75' lang='grc' dir='ltr'><strong><em>γράμματα.</em></strong></span> <span class='ocrx_word' id='word_1_103' title='bbox 994 1813 1176 1890; x_wconf 83' lang='lat' dir='ltr'><strong>Quamquam</strong></span> <span class='ocrx_word' id='word_1_104' title='bbox 1189 1816 1277 1873; x_wconf 68' lang='lat' dir='ltr'><strong>Dum.</strong></span> 
     </span>
     <span class='ocr_line' id='line_1_14' title="bbox 309 1917 1276 1995; baseline 0.003 -22"><span class='ocrx_word' id='word_1_105' title='bbox 309 1930 402 1973; x_wconf 84' lang='lat' dir='ltr'><strong>aetate</strong></span> <span class='ocrx_word' id='word_1_106' title='bbox 420 1919 450 1972; x_wconf 86' lang='lat' dir='ltr'><strong>in</strong></span> <span class='ocrx_word' id='word_1_107' title='bbox 474 1919 613 1995; x_wconf 88' lang='lat' dir='ltr'><strong>Acropoli</strong></span> <span class='ocrx_word' id='word_1_108' title='bbox 638 1920 754 1976; x_wconf 78' lang='lat' dir='ltr'><strong>tabulas</strong></span> <span class='ocrx_word' id='word_1_109' title='bbox 778 1929 907 1976; x_wconf 84' lang='lat' dir='ltr'><strong>servatas</strong></span> <span class='ocrx_word' id='word_1_110' title='bbox 927 1918 1016 1974; x_wconf 86' lang='lat' dir='ltr'><strong>fuisse</strong></span> <span class='ocrx_word' id='word_1_111' title='bbox 1034 1917 1167 1994; x_wconf 84' lang='lat' dir='ltr'><strong>publicas</strong></span> <span class='ocrx_word' id='word_1_112' title='bbox 1191 1917 1276 1977; x_wconf 78' lang='lat' dir='ltr'><strong>orae.</strong></span> 
     </span>
     <span class='ocr_line' id='line_1_15' title="bbox 310 2020 1276 2098; baseline 0.004 -22"><span class='ocrx_word' id='word_1_113' title='bbox 310 2024 341 2078; x_wconf 83' lang='lat' dir='ltr'><strong>in</strong></span> <span class='ocrx_word' id='word_1_114' title='bbox 366 2022 504 2096; x_wconf 78' lang='lat' dir='ltr'><strong>Aristog.</strong></span> <span class='ocrx_word' id='word_1_115' title='bbox 521 2025 548 2078; x_wconf 94' lang='lat' dir='ltr'><strong>I.</strong></span> <span class='ocrx_word' id='word_1_116' title='bbox 566 2042 599 2098; x_wconf 88' lang='lat' dir='ltr'><strong>p.</strong></span> <span class='ocrx_word' id='word_1_117' title='bbox 616 2020 673 2079; x_wconf 83' lang='lat'><strong>799</strong></span> <span class='ocrx_word' id='word_1_118' title='bbox 697 2033 726 2077; x_wconf 87' lang='lat' dir='ltr'><strong>et</strong></span> <span class='ocrx_word' id='word_1_119' title='bbox 742 2041 787 2096; x_wconf 89' lang='lat' dir='ltr'><strong>sq.</strong></span> <span class='ocrx_word' id='word_1_120' title='bbox 811 2021 979 2078; x_wconf 87' lang='lat' dir='ltr'><strong>ostendunt.</strong></span> <span class='ocrx_word' id='word_1_121' title='bbox 1017 2023 1082 2080; x_wconf 89' lang='lat' dir='ltr'><strong>Non</strong></span> <span class='ocrx_word' id='word_1_122' title='bbox 1105 2035 1202 2080; x_wconf 85' lang='lat' dir='ltr'><strong>tamen</strong></span> <span class='ocrx_word' id='word_1_123' title='bbox 1217 2023 1276 2080; x_wconf 90' lang='lat' dir='ltr'><strong>du·</strong></span> 
     </span>
     <span class='ocr_line' id='line_1_16' title="bbox 309 2123 1276 2203; baseline 0.006 -25"><span class='ocrx_word' id='word_1_124' title='bbox 309 2123 461 2179; x_wconf 80' lang='lat' dir='ltr'><strong>bitandum</strong></span> <span class='ocrx_word' id='word_1_125' title='bbox 481 2137 574 2199; x_wconf 89' lang='lat' dir='ltr'><strong>puto,</strong></span> <span class='ocrx_word' id='word_1_126' title='bbox 600 2125 630 2181; x_wconf 92' lang='lat' dir='ltr'><strong>h.</strong></span> <span class='ocrx_word' id='word_1_127' title='bbox 646 2125 666 2180; x_wconf 90' lang='grc'><strong>1.</strong></span> <span class='ocrx_word' id='word_1_128' title='bbox 691 2124 792 2203; x_wconf 86' lang='lat' dir='ltr'><strong>potins</strong></span> <span class='ocrx_word' id='word_1_129' title='bbox 816 2124 1013 2200; x_wconf 81' lang='lat' dir='ltr'><strong>psephismata</strong></span> <span class='ocrx_word' id='word_1_130' title='bbox 1043 2127 1146 2184; x_wconf 85' lang='lat' dir='ltr'><strong>aetatis</strong></span> <span class='ocrx_word' id='word_1_131' title='bbox 1171 2146 1276 2184; x_wconf 89' lang='lat' dir='ltr'><strong>recen-</strong></span> 
     </span>
     <span class='ocr_line' id='line_1_17' title="bbox 309 2227 1276 2304; baseline 0.003 -23"><span class='ocrx_word' id='word_1_132' title='bbox 309 2227 417 2295; x_wconf 86' lang='lat' dir='ltr'><strong>tioris,</strong></span> <span class='ocrx_word' id='word_1_133' title='bbox 457 2245 543 2300; x_wconf 82' lang='lat' dir='ltr'><strong>quam</strong></span> <span class='ocrx_word' id='word_1_134' title='bbox 584 2227 718 2283; x_wconf 76' lang='lat' dir='ltr'><strong>sonorus</strong></span> <span class='ocrx_word' id='word_1_135' title='bbox 747 2227 947 2302; x_wconf 78' lang='lat' dir='ltr'><strong>intelligendas</strong></span> <span class='ocrx_word' id='word_1_136' title='bbox 988 2247 1053 2285; x_wconf 88' lang='lat' dir='ltr'><strong>esse</strong></span> <span class='ocrx_word' id='word_1_137' title='bbox 1077 2229 1182 2304; x_wconf 70' lang='lat' dir='ltr'><strong>legesx</strong></span> <span class='ocrx_word' id='word_1_138' title='bbox 1206 2246 1276 2285; x_wconf 85' lang='lat' dir='ltr'><strong>nam</strong></span> 
     </span>
     <span class='ocr_line' id='line_1_18' title="bbox 311 2328 1277 2409; baseline 0.002 -23"><span class='ocrx_word' id='word_1_139' title='bbox 311 2334 436 2409; x_wconf 87' lang='lat' dir='ltr'><strong>primum</strong></span> <span class='ocrx_word' id='word_1_140' title='bbox 453 2330 597 2405; x_wconf 63' lang='grc' dir='ltr'><strong><em>Μητρῷον</em></strong></span> <span class='ocrx_word' id='word_1_141' title='bbox 612 2347 772 2386; x_wconf 86' lang='lat' dir='ltr'><strong>memorare</strong></span> <span class='ocrx_word' id='word_1_142' title='bbox 788 2328 958 2403; x_wconf 81' lang='lat' dir='ltr'><strong>Oratorem,</strong></span> <span class='ocrx_word' id='word_1_143' title='bbox 979 2334 1035 2388; x_wconf 83' lang='lat' dir='ltr'><strong>iam</strong></span> <span class='ocrx_word' id='word_1_144' title='bbox 1056 2332 1180 2403; x_wconf 80' lang='lat' dir='ltr'><strong>indicat,</strong></span> <span class='ocrx_word' id='word_1_145' title='bbox 1198 2333 1277 2389; x_wconf 84' lang='lat' dir='ltr'><strong>hunc</strong></span> 
     </span>
     <span class='ocr_line' id='line_1_19' title="bbox 307 2433 1280 2515; baseline 0.001 -22"><span class='ocrx_word' id='word_1_146' title='bbox 307 2438 501 2515; x_wconf 81' lang='lat' dir='ltr'><strong>praecipuum</strong></span> <span class='ocrx_word' id='word_1_147' title='bbox 515 2436 611 2510; x_wconf 81' lang='lat' dir='ltr'><strong>legum</strong></span> <span class='ocrx_word' id='word_1_148' title='bbox 628 2433 883 2493; x_wconf 88' lang='lat' dir='ltr'><strong>custodiendarum</strong></span> <span class='ocrx_word' id='word_1_149' title='bbox 890 2436 981 2496; x_wconf 85' lang='lat' dir='ltr'><strong>fuisse</strong></span> <span class='ocrx_word' id='word_1_150' title='bbox 996 2436 1091 2494; x_wconf 91' lang='lat' dir='ltr'><strong>locum</strong></span> <span class='ocrx_word' id='word_1_151' title='bbox 1111 2435 1176 2508; x_wconf 78' lang='lat'>(2),</span> <span class='ocrx_word' id='word_1_152' title='bbox 1197 2435 1280 2512; x_wconf 82' lang='lat' dir='ltr'><strong>quod</strong></span> 
     </span>
    </p>
   </div>
   <div class='ocr_carea' id='block_1_3' title="bbox 302 2704 1274 4180">
    <p class='ocr_par' dir='ltr' id='par_1_3' title="bbox 307 2704 1274 2952">
     <span class='ocr_line' id='line_1_20' title="bbox 342 2704 1274 2776; baseline -0.002 -16"><span class='ocrx_word' id='word_1_153' title='bbox 342 2711 384 2775; x_wconf 82' lang='grc'><strong>(1)</strong></span> <span class='ocrx_word' id='word_1_154' title='bbox 405 2706 495 2761; x_wconf 89' lang='lat' dir='ltr'><strong>Poll.</strong></span> <span class='ocrx_word' id='word_1_155' title='bbox 510 2705 589 2766; x_wconf 81' lang='lat' dir='ltr'><strong>Vlll.</strong></span> <span class='ocrx_word' id='word_1_156' title='bbox 607 2708 664 2762; x_wconf 82' lang='lat'><strong>123.</strong></span> <span class='ocrx_word' id='word_1_157' title='bbox 681 2707 823 2759; x_wconf 71' lang='grc' dir='ltr'><strong><em>ἐπέκειντο</em></strong></span> <span class='ocrx_word' id='word_1_158' title='bbox 838 2707 870 2757; x_wconf 75' lang='grc' dir='ltr'><strong>δὲ</strong></span> <span class='ocrx_word' id='word_1_159' title='bbox 886 2704 958 2757; x_wconf 76' lang='grc' dir='ltr'><strong><em>οἵτε</em></strong></span> <span class='ocrx_word' id='word_1_160' title='bbox 974 2708 1087 2776; x_wconf 72' lang='grc' dir='ltr'><strong>κύρβεις</strong></span> <span class='ocrx_word' id='word_1_161' title='bbox 1105 2710 1153 2759; x_wconf 70' lang='grc' dir='ltr'><strong>καὶ</strong></span> <span class='ocrx_word' id='word_1_162' title='bbox 1168 2709 1194 2759; x_wconf 78' lang='grc' dir='ltr'><strong>οἱ</strong></span> <span class='ocrx_word' id='word_1_163' title='bbox 1209 2710 1274 2766; x_wconf 76' lang='grc' dir='ltr'><strong>ἄξο-</strong></span> 
     </span>
     <span class='ocr_line' id='line_1_21' title="bbox 307 2779 1271 2865; baseline 0.002 -20"><span class='ocrx_word' id='word_1_164' title='bbox 307 2815 351 2853; x_wconf 69' lang='grc' dir='ltr'><strong>νος</strong></span> <span class='ocrx_word' id='word_1_165' title='bbox 373 2796 400 2845; x_wconf 77' lang='grc' dir='ltr'><strong>ἓν</strong></span> <span class='ocrx_word' id='word_1_166' title='bbox 420 2794 587 2865; x_wconf 72' lang='grc' dir='ltr'><strong><em>Ἀνροπόλετ</em></strong></span> <span class='ocrx_word' id='word_1_167' title='bbox 603 2794 705 2860; x_wconf 76' lang='grc' dir='ltr'><strong><em>πάλαι,</em></strong></span> <span class='ocrx_word' id='word_1_168' title='bbox 731 2779 816 2852; x_wconf 67' lang='grc' dir='ltr'><strong><em>αὖθις</em></strong></span> <span class='ocrx_word' id='word_1_169' title='bbox 833 2795 862 2843; x_wconf 80' lang='grc' dir='ltr'><strong>δ’</strong></span> <span class='ocrx_word' id='word_1_170' title='bbox 888 2791 935 2844; x_wconf 80' lang='grc' dir='ltr'><strong>ἵνα</strong></span> <span class='ocrx_word' id='word_1_171' title='bbox 958 2799 1040 2846; x_wconf 78' lang='grc' dir='ltr'><strong><em>πᾶσιν</em></strong></span> <span class='ocrx_word' id='word_1_172' title='bbox 1067 2798 1113 2863; x_wconf 71' lang='grc' dir='ltr'><strong>ἐξῇ</strong></span> <span class='ocrx_word' id='word_1_173' title='bbox 1136 2797 1271 2864; x_wconf 68' lang='grc' dir='ltr'><strong><em>ἐντυγχά-</em></strong></span> 
     </span>
     <span class='ocr_line' id='line_1_22' title="bbox 308 2866 1180 2952; baseline 0.001 -18"><span class='ocrx_word' id='word_1_174' title='bbox 308 2866 367 2934; x_wconf 67' lang='grc' dir='ltr'><strong>νειν</strong></span> <span class='ocrx_word' id='word_1_175' title='bbox 383 2886 424 2942; x_wconf 65' lang='grc' dir='ltr'><strong>εἰς</strong></span> <span class='ocrx_word' id='word_1_176' title='bbox 440 2886 473 2933; x_wconf 82' lang='grc' dir='ltr'><strong><em>τὸ</em></strong></span> <span class='ocrx_word' id='word_1_177' title='bbox 487 2883 661 2952; x_wconf 68' lang='grc' dir='ltr'><strong><em>Πρυτανεῖον</em></strong></span> <span class='ocrx_word' id='word_1_178' title='bbox 678 2883 723 2930; x_wconf 79' lang='grc' dir='ltr'><strong>καὶ</strong></span> <span class='ocrx_word' id='word_1_179' title='bbox 738 2883 790 2947; x_wconf 80' lang='grc' dir='ltr'><strong><em>τὴν</em></strong></span> <span class='ocrx_word' id='word_1_180' title='bbox 811 2881 910 2947; x_wconf 66' lang='grc' dir='ltr'><strong><em>ἀγορὰν</em></strong></span> <span class='ocrx_word' id='word_1_181' title='bbox 928 2886 1180 2952; x_wconf 68' lang='grc' dir='ltr'><strong><em>μεττκομίοθηοαν.</em></strong></span> 
     </span>
    </p>

    <p class='ocr_par' dir='ltr' id='par_1_4' title="bbox 302 2969 1274 4180">
     <span class='ocr_line' id='line_1_23' title="bbox 340 2969 1274 3044; baseline 0.001 -18"><span class='ocrx_word' id='word_1_182' title='bbox 340 2976 383 3040; x_wconf 76' lang='grc'><strong>(2)</strong></span> <span class='ocrx_word' id='word_1_183' title='bbox 401 2972 475 3036; x_wconf 86' lang='lat' dir='ltr'><strong>Quod</strong></span> <span class='ocrx_word' id='word_1_184' title='bbox 499 2970 546 3023; x_wconf 86' lang='lat' dir='ltr'><strong>hac</strong></span> <span class='ocrx_word' id='word_1_185' title='bbox 564 2972 595 3021; x_wconf 80' lang='lat' dir='ltr'><strong>de</strong></span> <span class='ocrx_word' id='word_1_186' title='bbox 624 2990 650 3021; x_wconf 84' lang='lat' dir='ltr'><strong>re</strong></span> <span class='ocrx_word' id='word_1_187' title='bbox 672 2969 854 3022; x_wconf 80' lang='lat' dir='ltr'><strong>animadvertit</strong></span> <span class='ocrx_word' id='word_1_188' title='bbox 882 2969 975 3039; x_wconf 63' lang='grc' dir='ltr'><strong>Βίας.</strong></span> <span class='ocrx_word' id='word_1_189' title='bbox 1003 2973 1021 3029; x_wconf 92' lang='lat' dir='ltr'><strong>l.</strong></span> <span class='ocrx_word' id='word_1_190' title='bbox 1038 2974 1058 3027; x_wconf 89' lang='lat' dir='ltr'><strong>l.</strong></span> <span class='ocrx_word' id='word_1_191' title='bbox 1081 2971 1274 3044; x_wconf 70' lang='lat' dir='ltr'><strong>eapffllll.</strong></span> 
     </span>
     <span class='ocr_line' id='line_1_24' title="bbox 306 3058 1274 3130; baseline -0.003 -15"><span class='ocrx_word' id='word_1_192' title='bbox 306 3081 329 3130; x_wconf 93' lang='lat' dir='ltr'><strong>p.</strong></span> <span class='ocrx_word' id='word_1_193' title='bbox 346 3064 404 3115; x_wconf 76' lang='lat' dir='ltr'><strong>sto.</strong></span> <span class='ocrx_word' id='word_1_194' title='bbox 427 3061 495 3123; x_wconf 72' lang='lat' dir='ltr'><strong>leges</strong></span> <span class='ocrx_word' id='word_1_195' title='bbox 519 3070 578 3128; x_wconf 87' lang='lat' dir='ltr'><strong>post</strong></span> <span class='ocrx_word' id='word_1_196' title='bbox 600 3058 755 3110; x_wconf 86' lang='lat' dir='ltr'><strong>Solonem</strong></span> <span class='ocrx_word' id='word_1_197' title='bbox 782 3071 915 3127; x_wconf 80' lang='lat' dir='ltr'><strong>exaratas,</strong></span> <span class='ocrx_word' id='word_1_198' title='bbox 933 3075 960 3115; x_wconf 90' lang='lat' dir='ltr'><strong>et</strong></span> <span class='ocrx_word' id='word_1_199' title='bbox 982 3064 1009 3113; x_wconf 90' lang='lat' dir='ltr'><strong>in</strong></span> <span class='ocrx_word' id='word_1_200' title='bbox 1038 3063 1147 3116; x_wconf 64' lang='lat' dir='ltr'><strong>archim</strong></span> <span class='ocrx_word' id='word_1_201' title='bbox 1172 3061 1274 3130; x_wconf 82' lang='lat' dir='ltr'><strong>publico</strong></span> 
     </span>
     <span class='ocr_line' id='line_1_25' title="bbox 307 3148 1271 3219; baseline 0.001 -18"><span class='ocrx_word' id='word_1_202' title='bbox 307 3163 468 3219; x_wconf 83' lang='lat' dir='ltr'><strong>asservatas,</strong></span> <span class='ocrx_word' id='word_1_203' title='bbox 485 3151 511 3201; x_wconf 89' lang='lat' dir='ltr'><strong>in</strong></span> <span class='ocrx_word' id='word_1_204' title='bbox 530 3150 635 3216; x_wconf 77' lang='lat' dir='ltr'><strong>papyris</strong></span> <span class='ocrx_word' id='word_1_205' title='bbox 651 3167 695 3200; x_wconf 86' lang='lat' dir='ltr'><strong>seu</strong></span> <span class='ocrx_word' id='word_1_206' title='bbox 716 3148 816 3201; x_wconf 79' lang='lat' dir='ltr'><strong>chartis</strong></span> <span class='ocrx_word' id='word_1_207' title='bbox 839 3150 917 3202; x_wconf 77' lang='lat' dir='ltr'><strong>irrisae</strong></span> <span class='ocrx_word' id='word_1_208' title='bbox 932 3163 1075 3204; x_wconf 83' lang='lat' dir='ltr'><strong>atramento</strong></span> <span class='ocrx_word' id='word_1_209' title='bbox 1091 3154 1271 3218; x_wconf 76' lang='lat' dir='ltr'><strong>conscriptas,</strong></span> 
     </span>
     <span class='ocr_line' id='line_1_26' title="bbox 306 3235 1268 3303; baseline -0.003 -13"><span class='ocrx_word' id='word_1_210' title='bbox 306 3257 356 3291; x_wconf 84' lang='lat' dir='ltr'><strong>noo</strong></span> <span class='ocrx_word' id='word_1_211' title='bbox 371 3235 567 3303; x_wconf 80' lang='lat' dir='ltr'><strong>improbabilem</strong></span> <span class='ocrx_word' id='word_1_212' title='bbox 586 3248 647 3302; x_wconf 88' lang='lat' dir='ltr'><strong>puto</strong></span> <span class='ocrx_word' id='word_1_213' title='bbox 660 3236 841 3299; x_wconf 78' lang='lat' dir='ltr'><strong>coniecturam.</strong></span> <span class='ocrx_word' id='word_1_214' title='bbox 878 3236 972 3289; x_wconf 81' lang='lat' dir='ltr'><strong>Multas</strong></span> <span class='ocrx_word' id='word_1_215' title='bbox 989 3243 1057 3289; x_wconf 87' lang='lat' dir='ltr'><strong>euim</strong></span> <span class='ocrx_word' id='word_1_216' title='bbox 1080 3256 1157 3290; x_wconf 83' lang='lat' dir='ltr'><strong>novas</strong></span> <span class='ocrx_word' id='word_1_217' title='bbox 1183 3239 1268 3302; x_wconf 69' lang='lat' dir='ltr'><strong>leges,</strong></span> 
     </span>
     <span class='ocr_line' id='line_1_27' title="bbox 307 3322 1273 3392; baseline 0.001 -17"><span class='ocrx_word' id='word_1_218' title='bbox 307 3325 428 3392; x_wconf 77' lang='lat' dir='ltr'><strong>inprimis</strong></span> <span class='ocrx_word' id='word_1_219' title='bbox 448 3333 507 3391; x_wconf 81' lang='lat' dir='ltr'><strong>poet</strong></span> <span class='ocrx_word' id='word_1_220' title='bbox 530 3322 701 3374; x_wconf 69' lang='lat' dir='ltr'><strong>lxx-viros</strong></span> <span class='ocrx_word' id='word_1_221' title='bbox 736 3326 848 3386; x_wconf 83' lang='lat' dir='ltr'><strong>eiectos,</strong></span> <span class='ocrx_word' id='word_1_222' title='bbox 878 3325 1007 3377; x_wconf 73' lang='lat' dir='ltr'><strong>archonte</strong></span> <span class='ocrx_word' id='word_1_223' title='bbox 1031 3324 1178 3376; x_wconf 81' lang='lat' dir='ltr'><strong>Euclide</strong></span> <span class='ocrx_word' id='word_1_224' title='bbox 1205 3322 1273 3376; x_wconf 84' lang='lat' dir='ltr'><strong>latas</strong></span> 
     </span>
     <span class='ocr_line' id='line_1_28' title="bbox 303 3410 1271 3481; baseline 0 -16"><span class='ocrx_word' id='word_1_225' title='bbox 303 3413 366 3465; x_wconf 80' lang='lat' dir='ltr'><strong>satis</strong></span> <span class='ocrx_word' id='word_1_226' title='bbox 383 3413 534 3481; x_wconf 67' lang='lat' dir='ltr'><strong>cognitum,</strong></span> <span class='ocrx_word' id='word_1_227' title='bbox 551 3429 658 3471; x_wconf 77' lang='lat' dir='ltr'><strong>unarum</strong></span> <span class='ocrx_word' id='word_1_228' title='bbox 679 3429 815 3478; x_wconf 82' lang='lat' dir='ltr'><strong>numerus,</strong></span> <span class='ocrx_word' id='word_1_229' title='bbox 834 3423 861 3462; x_wconf 90' lang='lat' dir='ltr'><strong>ut</strong></span> <span class='ocrx_word' id='word_1_230' title='bbox 880 3410 966 3469; x_wconf 86' lang='lat' dir='ltr'><strong>Dem.</strong></span> <span class='ocrx_word' id='word_1_231' title='bbox 985 3417 1047 3465; x_wconf 80' lang='lat' dir='ltr'><strong>adv.</strong></span> <span class='ocrx_word' id='word_1_232' title='bbox 1064 3417 1147 3479; x_wconf 80' lang='lat' dir='ltr'><strong>Lept.</strong></span> <span class='ocrx_word' id='word_1_233' title='bbox 1165 3429 1190 3479; x_wconf 80' lang='lat' dir='ltr'><strong>p,</strong></span> <span class='ocrx_word' id='word_1_234' title='bbox 1208 3414 1271 3468; x_wconf 76' lang='lat'><strong>485.</strong></span> 
     </span>
     <span class='ocr_line' id='line_1_29' title="bbox 305 3499 1272 3570; baseline -0.002 -17"><span class='ocrx_word' id='word_1_235' title='bbox 305 3504 440 3570; x_wconf 81' lang='lat' dir='ltr'><strong>queritur,</strong></span> <span class='ocrx_word' id='word_1_236' title='bbox 460 3502 522 3552; x_wconf 82' lang='lat' dir='ltr'><strong>adeo</strong></span> <span class='ocrx_word' id='word_1_237' title='bbox 543 3503 642 3567; x_wconf 78' lang='lat' dir='ltr'><strong>erevit,</strong></span> <span class='ocrx_word' id='word_1_238' title='bbox 661 3511 690 3553; x_wconf 88' lang='lat' dir='ltr'><strong>ut</strong></span> <span class='ocrx_word' id='word_1_239' title='bbox 707 3499 740 3550; x_wconf 83' lang='lat' dir='ltr'><strong>ab</strong></span> <span class='ocrx_word' id='word_1_240' title='bbox 757 3499 809 3551; x_wconf 92' lang='lat' dir='ltr'><strong>ullo</strong></span> <span class='ocrx_word' id='word_1_241' title='bbox 833 3501 949 3568; x_wconf 73' lang='lat' dir='ltr'><strong>pernosci</strong></span> <span class='ocrx_word' id='word_1_242' title='bbox 968 3503 1009 3551; x_wconf 82' lang='lat' dir='ltr'><strong>vix</strong></span> <span class='ocrx_word' id='word_1_243' title='bbox 1024 3509 1124 3568; x_wconf 78' lang='lat' dir='ltr'><strong>posset3</strong></span> <span class='ocrx_word' id='word_1_244' title='bbox 1143 3517 1192 3567; x_wconf 88' lang='lat' dir='ltr'><strong>quo</strong></span> <span class='ocrx_word' id='word_1_245' title='bbox 1213 3501 1272 3551; x_wconf 85' lang='lat' dir='ltr'><strong>lae-</strong></span> 
     </span>
     <span class='ocr_line' id='line_1_30' title="bbox 307 3586 1270 3659; baseline 0.001 -16"><span class='ocrx_word' id='word_1_246' title='bbox 307 3603 383 3659; x_wconf 82' lang='lat' dir='ltr'><strong>tum,</strong></span> <span class='ocrx_word' id='word_1_247' title='bbox 400 3601 429 3641; x_wconf 89' lang='lat' dir='ltr'><strong>ut</strong></span> <span class='ocrx_word' id='word_1_248' title='bbox 449 3591 545 3642; x_wconf 82' lang='lat' dir='ltr'><strong>multae</strong></span> <span class='ocrx_word' id='word_1_249' title='bbox 564 3592 708 3642; x_wconf 78' lang='lat' dir='ltr'><strong>contrariae</strong></span> <span class='ocrx_word' id='word_1_250' title='bbox 722 3601 750 3639; x_wconf 93' lang='lat' dir='ltr'><strong>et</strong></span> <span class='ocrx_word' id='word_1_251' title='bbox 766 3588 817 3639; x_wconf 78' lang='lat' dir='ltr'><strong>sibi</strong></span> <span class='ocrx_word' id='word_1_252' title='bbox 839 3599 1006 3656; x_wconf 76' lang='lat' dir='ltr'><strong>repugnantes</strong></span> <span class='ocrx_word' id='word_1_253' title='bbox 1026 3586 1177 3655; x_wconf 81' lang='lat' dir='ltr'><strong>irrepserint</strong></span> <span class='ocrx_word' id='word_1_254' title='bbox 1193 3588 1270 3656; x_wconf 70' lang='lat' dir='ltr'><strong>leger.</strong></span> 
     </span>
     <span class='ocr_line' id='line_1_31' title="bbox 307 3674 1270 3747; baseline 0 -18"><span class='ocrx_word' id='word_1_255' title='bbox 307 3679 377 3742; x_wconf 82' lang='lat' dir='ltr'><strong>Quas</strong></span> <span class='ocrx_word' id='word_1_256' title='bbox 392 3697 479 3730; x_wconf 83' lang='lat' dir='ltr'><strong>omues</strong></span> <span class='ocrx_word' id='word_1_257' title='bbox 499 3678 590 3747; x_wconf 78' lang='lat' dir='ltr'><strong>ligneis</strong></span> <span class='ocrx_word' id='word_1_258' title='bbox 606 3682 658 3731; x_wconf 80' lang='lat' dir='ltr'><strong>sive</strong></span> <span class='ocrx_word' id='word_1_259' title='bbox 684 3677 794 3746; x_wconf 77' lang='lat' dir='ltr'><strong>lapideis</strong></span> <span class='ocrx_word' id='word_1_260' title='bbox 814 3676 940 3729; x_wconf 64' lang='lat' dir='ltr'><strong>columflss</strong></span> <span class='ocrx_word' id='word_1_261' title='bbox 963 3674 1099 3743; x_wconf 62' lang='lat' dir='ltr'><strong>iuscripta</strong></span> <span class='ocrx_word' id='word_1_262' title='bbox 1123 3676 1209 3729; x_wconf 82' lang='lat' dir='ltr'><strong>Metro</strong></span> <span class='ocrx_word' id='word_1_263' title='bbox 1225 3678 1270 3729; x_wconf 89' lang='lat' dir='ltr'><strong>in-</strong></span> 
     </span>
     <span class='ocr_line' id='line_1_32' title="bbox 303 3764 1269 3834; baseline -0.002 -15"><span class='ocrx_word' id='word_1_264' title='bbox 303 3767 386 3819; x_wconf 80' lang='lat' dir='ltr'><strong>clusas</strong></span> <span class='ocrx_word' id='word_1_265' title='bbox 416 3778 548 3834; x_wconf 79' lang='lat' dir='ltr'><strong>statuere,</strong></span> <span class='ocrx_word' id='word_1_266' title='bbox 574 3765 712 3819; x_wconf 81' lang='lat' dir='ltr'><strong>ridiculum</strong></span> <span class='ocrx_word' id='word_1_267' title='bbox 739 3777 788 3820; x_wconf 82' lang='lat' dir='ltr'><strong>est.</strong></span> <span class='ocrx_word' id='word_1_268' title='bbox 826 3765 895 3819; x_wconf 81' lang='lat' dir='ltr'><strong>Huic</strong></span> <span class='ocrx_word' id='word_1_269' title='bbox 917 3764 1061 3816; x_wconf 81' lang='lat' dir='ltr'><strong>sententiae</strong></span> <span class='ocrx_word' id='word_1_270' title='bbox 1081 3765 1159 3818; x_wconf 88' lang='lat' dir='ltr'><strong>etiam</strong></span> <span class='ocrx_word' id='word_1_271' title='bbox 1183 3767 1269 3833; x_wconf 82' lang='lat' dir='ltr'><strong>favet,</strong></span> 
     </span>
     <span class='ocr_line' id='line_1_33' title="bbox 306 3851 1269 3923; baseline 0.001 -19"><span class='ocrx_word' id='word_1_272' title='bbox 306 3856 372 3923; x_wconf 86' lang='lat' dir='ltr'><strong>quod</strong></span> <span class='ocrx_word' id='word_1_273' title='bbox 394 3859 423 3907; x_wconf 85' lang='lat' dir='ltr'><strong>r&#39;n</strong></span> <span class='ocrx_word' id='word_1_274' title='bbox 442 3856 550 3907; x_wconf 85' lang='lat' dir='ltr'><strong>Nicom.</strong></span> <span class='ocrx_word' id='word_1_275' title='bbox 570 3858 594 3923; x_wconf 52' lang='grc' dir='ltr'><strong>ᾗ,</strong></span> <span class='ocrx_word' id='word_1_276' title='bbox 606 3857 629 3909; x_wconf 83' lang='grc'><strong>3.</strong></span> <span class='ocrx_word' id='word_1_277' title='bbox 646 3853 765 3921; x_wconf 76' lang='lat' dir='ltr'><strong>legimus.</strong></span> <span class='ocrx_word' id='word_1_278' title='bbox 807 3853 901 3904; x_wconf 87' lang='lat' dir='ltr'><strong>Orator</strong></span> <span class='ocrx_word' id='word_1_279' title='bbox 918 3870 1006 3920; x_wconf 86' lang='lat' dir='ltr'><strong>nempe</strong></span> <span class='ocrx_word' id='word_1_280' title='bbox 1016 3851 1094 3919; x_wconf 81' lang='lat' dir='ltr'><strong>dicit,</strong></span> <span class='ocrx_word' id='word_1_281' title='bbox 1114 3871 1184 3903; x_wconf 85' lang='lat' dir='ltr'><strong>reum</strong></span> <span class='ocrx_word' id='word_1_282' title='bbox 1205 3854 1269 3906; x_wconf 85' lang='lat' dir='ltr'><strong>adeo</strong></span> 
     </span>
     <span class='ocr_line' id='line_1_34' title="bbox 305 3940 1269 4013; baseline -0.003 -18"><span class='ocrx_word' id='word_1_283' title='bbox 305 3960 352 4013; x_wconf 90' lang='lat' dir='ltr'><strong>pro</strong></span> <span class='ocrx_word' id='word_1_284' title='bbox 371 3942 480 3995; x_wconf 75' lang='lat' dir='ltr'><strong>arbitrio</strong></span> <span class='ocrx_word' id='word_1_285' title='bbox 499 3960 589 3994; x_wconf 86' lang='lat' dir='ltr'><strong>munos</strong></span> <span class='ocrx_word' id='word_1_286' title='bbox 606 3942 731 4010; x_wconf 78' lang='lat' dir='ltr'><strong>gessisse,</strong></span> <span class='ocrx_word' id='word_1_287' title='bbox 756 3953 785 3993; x_wconf 89' lang='lat' dir='ltr'><strong>ut</strong></span> <span class='ocrx_word' id='word_1_288' title='bbox 807 3940 968 3994; x_wconf 82' lang='lat' dir='ltr'><strong>adversarius</strong></span> <span class='ocrx_word' id='word_1_289' title='bbox 986 3943 1014 3992; x_wconf 84' lang='lat' dir='ltr'><strong>in</strong></span> <span class='ocrx_word' id='word_1_290' title='bbox 1031 3941 1134 3992; x_wconf 80' lang='lat' dir='ltr'><strong>iudiciis</strong></span> <span class='ocrx_word' id='word_1_291' title='bbox 1160 3952 1269 4008; x_wconf 82' lang='lat' dir='ltr'><strong>uterque</strong></span> 
     </span>
     <span class='ocr_line' id='line_1_35' title="bbox 302 4029 1270 4100; baseline -0.007 -14"><span class='ocrx_word' id='word_1_292' title='bbox 302 4031 383 4099; x_wconf 74' lang='lat' dir='ltr'><strong>legem</strong></span> <span class='ocrx_word' id='word_1_293' title='bbox 403 4032 547 4099; x_wconf 75' lang='lat' dir='ltr'><strong>proferret,</strong></span> <span class='ocrx_word' id='word_1_294' title='bbox 575 4048 589 4080; x_wconf 80' lang='lat' dir='ltr'>a</span> <span class='ocrx_word' id='word_1_295' title='bbox 611 4029 817 4082; x_wconf 76' lang='lat' dir='ltr'><strong>Nicomacho</strong></span> <span class='ocrx_word' id='word_1_296' title='bbox 841 4044 991 4098; x_wconf 82' lang='lat' dir='ltr'><strong>acceptam,</strong></span> <span class='ocrx_word' id='word_1_297' title='bbox 1015 4047 1091 4100; x_wconf 85' lang='lat' dir='ltr'><strong>quarn</strong></span> <span class='ocrx_word' id='word_1_298' title='bbox 1109 4032 1141 4079; x_wconf 85' lang='lat' dir='ltr'><strong>ob</strong></span> <span class='ocrx_word' id='word_1_299' title='bbox 1167 4047 1220 4080; x_wconf 81' lang='lat' dir='ltr'><strong>rem</strong></span> <span class='ocrx_word' id='word_1_300' title='bbox 1237 4030 1270 4079; x_wconf 86' lang='lat' dir='ltr'><strong>ab</strong></span> 
     </span>
     <span class='ocr_line' id='line_1_36' title="bbox 304 4115 1269 4180; baseline -0.003 -6"><span class='ocrx_word' id='word_1_301' title='bbox 304 4121 477 4174; x_wconf 76' lang='lat' dir='ltr'><strong>Arclroutibus</strong></span> <span class='ocrx_word' id='word_1_302' title='bbox 503 4115 639 4171; x_wconf 85' lang='lat' dir='ltr'><strong>muletatus</strong></span> <span class='ocrx_word' id='word_1_303' title='bbox 665 4131 690 4170; x_wconf 95' lang='lat' dir='ltr'><strong>et</strong></span> <span class='ocrx_word' id='word_1_304' title='bbox 719 4118 746 4169; x_wconf 88' lang='lat' dir='ltr'><strong>in</strong></span> <span class='ocrx_word' id='word_1_305' title='bbox 780 4118 903 4172; x_wconf 83' lang='lat' dir='ltr'><strong>iudicium</strong></span> <span class='ocrx_word' id='word_1_306' title='bbox 935 4120 1074 4180; x_wconf 81' lang='lat' dir='ltr'><strong>deductus,</strong></span> <span class='ocrx_word' id='word_1_307' title='bbox 1100 4116 1269 4170; x_wconf 78' lang='lat' dir='ltr'><strong>nihilominus</strong></span> 
     </span>
    </p>
   </div>
   <div class='ocr_carea' id='block_1_4' title="bbox 0 0 1488 5092">
    <p class='ocr_par' dir='ltr' id='par_1_5' title="bbox 0 0 1488 5092">
     <span class='ocr_line' id='line_1_37' title="bbox 0 0 1488 5092; baseline 0 2"><span class='ocrx_word' id='word_1_308' title='bbox 0 0 1488 5092; x_wconf 95' lang='lat' dir='ltr'><strong> </strong></span> 
     </span>
    </p>
   </div>
  </div>
 </body>
</html>
