2967 5092
823 511 864 571 22

353 690 488 764 publicae
508 691 681 749 calamitates
695 692 874 761 inchoatam,
894 704 1011 767 postea,
1023 693 1153 751 libertate
1169 694 1315 775 restituta,

353 795 507 868 persequi,
526 795 635 870 legem,
659 818 745 872 quam
763 800 846 853 Dnot.
865 798 897 851 in
922 795 1004 855 Orat.
1024 800 1055 852 in
1076 799 1202 856 Timocr.
1217 795 1315 875 p.717

357 1025 673 1046 μ--ι

354 1172 385 1206 ex
396 1166 492 1223 poenae
508 1151 693 1205 memoratione
702 1147 766 1201 tatis
781 1159 869 1217 patet,
890 1166 961 1202 reum
975 1167 1026 1203 non
1037 1151 1135 1217 Δήμου
1147 1151 1320 1207 καταλύσεώς

352 1254 501 1296 accuratum
518 1240 597 1292 fuisse
614 1268 645 1281 -
659 1238 735 1293 huius
751 1240 867 1292 criminis
884 1240 952 1292 enim
973 1241 1040 1292 aetio
1064 1239 1227 1306 εἰσαγγελία
1244 1250 1318 1303 erat,

353 1343 436 1400 neque
455 1345 524 1381 mors
541 1325 709 1388 imminebat,¹
727 1326 762 1383 tf.
779 1330 813 1381 de
827 1331 893 1380 Lite
915 1329 978 1382 Art.
996 1346 1021 1395 p.
1043 1331 1107 1389 tta,
1136 1324 1319 1395 Lelyreld·

353 1423 389 1472 de
406 1418 533 1492 Infamia
549 1433 575 1483 p·
592 1418 641 1482 tt,
659 1415 785 1467 Andos.
803 1419 836 1469 de
853 1418 942 1486 Myst.
960 1435 983 1482 p.
999 1417 1047 1477 tt,
1066 1416 1157 1471 Plut.
1174 1421 1205 1468 in
1218 1420 1318 1483 tCompt

355 1504 499 1557 Solonis
516 1521 573 1553 cum
591 1499 633 1553 Po
645 1521 659 1570 p
669 1502 693 1554 li
702 1520 722 1557 o.
742 1520 768 1570 p.
783 1505 846 1563 100,
865 1501 934 1571 quod
952 1503 1057 1555 minime
1066 1503 1185 1557 convenit
1197 1521 1256 1556 tum
1267 1520 1319 1567 eo,

352 1592 422 1663 quod
442 1609 501 1644 reus
517 1608 544 1643 se
563 1590 646 1656 δίκην
666 1590 779 1640 δίδοισι
797 1607 856 1656 pag.
872 1592 923 1643 782
946 1591 1020 1642 modo
1037 1591 1179 1659 periclitari
1201 1592 1268 1643 dicit
1285 1616 1321 1631 -·

354 1700 433 1751 quare
449 1690 518 1733 reete
539 1682 573 1732 da
596 1681 662 1730 Lite
678 1678 742 1729 Ate.
767 1696 790 1745 p.
809 1679 860 1753 208
876 1678 970 1730 toniici
986 1690 1064 1747 puto,
1089 1679 1155 1731 hano
1174 1681 1320 1732 orationem

353 1771 381 1823 in
398 1766 767 1835 dosspooiqinlleliattarum
788 1765 914 1819 tribunali
930 1766 1045 1820 habitam
1064 1785 1129 1821 esse.
1163 1767 1213 1821 Ille
1222 1768 1320 1834 igitur,

356 1858 400 1927 qui
422 1858 486 1910 hane
513 1856 605 1908 habuit
627 1853 828 1921 deleuaionem,
862 1853 1028 1920 Magistratus
1053 1856 1170 1923 electus,
1196 1874 1211 1909 a
1238 1857 1321 1925 Speo-

353 1946 458 2015 plrtatis
482 1944 510 1995 in
535 1942 702 2008 δοκιμασίᾳ,
727 1952 758 1992 ut
781 1958 811 1991 ex
831 1941 878 1993 hat
907 1942 1053 1996 defensione
1077 1963 1102 2013 p.
1121 1946 1172 1998 772
1193 1944 1321 1996 toniieere

355 2034 437 2094 litet,
456 2041 588 2084 accusatus
606 2026 679 2095 erat,
696 2028 830 2081 nonmodo
848 2015 916 2098 quod
936 2030 983 2083 sub
996 2031 1247 2098 Triginta-virorum
1268 2031 1319 2082 ‹lo-

356 2123 457 2173 minatu
475 2119 503 2170 in
520 2118 583 2170 urbe
603 2117 756 2185 mansisset,
773 2118 817 2170 sed
842 2120 920 2171 etiarn
932 2120 1098 2187 magistralis
1118 2120 1191 2186 gesti.
1221 2120 1322 2184 Quam·

358 2226 432 2279 quam
446 2225 474 2259 ex
484 2205 620 2258 oblivionis
632 2204 735 2258 ‹leoreto
749 2204 847 2272 Δήμου
861 2193 1034 2265 auratiorem
1043 2209 1167 2261 actionem
1184 2207 1321 2261 instituere

356 2296 463 2349 vetitum
484 2304 558 2360 erat,
584 2304 736 2346 nontamen
759 2307 864 2348 eatenus
875 2296 990 2363 riguisse
1014 2296 1079 2348 illud
1096 2297 1227 2352 decretum
1251 2298 1323 2351 reri-

355 2384 444 2438 simile
462 2383 546 2451 (luto,
563 2394 593 2436 ut
610 2383 720 2451 iisdem,
737 2383 783 2451 qui
802 2384 991 2453 δημοκρατίας
1017 2384 1224 2451 καταλυθείσης
1240 2386 1325 2454 magi-

355 2485 464 2529 stratum
482 2472 619 2541 gessissent
635 2503 666 2514 -
682 2472 728 2541 qui
750 2488 826 2541 quarn
850 2473 933 2526 odiori
954 2471 1154 2526 Atheniensibus
1173 2486 1275 2539 essent,
1293 2491 1323 2527 ex

354 2562 439 2620 Anti.
456 2544 490 2617 δα
506 2562 595 2630 Myst.
612 2580 639 2629 p.
649 2558 700 2614 772
715 2545 855 2614 videntium
872 2573 911 2615 est
928 2561 1088 2615 -libertate
1104 2563 1243 2624 restituta,
1265 2579 1324 2614 ma·

360 2654 503 2719 gistratum
515 2666 606 2718 gerere
624 2647 724 2702 liceret.
751 2647 824 2699 Haut
841 2650 995 2700 sententiam
1011 2649 1088 2701 etiam
1099 2636 1234 2703 confirmat
1248 2651 1323 2704 Orat.

358 2742 387 2795 in
401 2738 599 2805 Philonem,
616 2736 680 2805 qui,
696 2752 774 2802 quum
791 2734 839 2787 suh
854 2735 1049 2801 Triginta-'viris
1068 2738 1154 2790 neutri
1168 2738 1324 2792 readdixis·

358 2840 399 2883 ret
408 2829 493 2898 parti,
510 2838 647 2895 posteaque
657 2823 778 2878 restituta
787 2821 908 2876 libertate
919 2824 985 2877 inter
996 2824 1132 2878 Senatores
1141 2824 1224 2880 leetns
1238 2836 1324 2893 esset,

360 2919 388 2970 in
413 2916 563 2979 δοκιμασία
580 2924 715 2967 aecusatus
732 2913 799 2980 quotl
821 2912 956 2965 Senatorio
978 2931 1028 2983 quo
1047 2915 1197 2982 iungeretur
1218 2931 1325 2968 munere

353 3006 493 3074 iudignum
517 3022 544 3058 se
565 3002 747 3071 praestitisset·
781 3001 879 3054 Eadem
907 3003 998 3056 Oratio
1017 3004 1069 3056 ian
1090 3003 1215 3073 Lysiae
1239 3013 1324 3059 aetate

357 3093 501 3151 Solonis
516 3090 584 3158 leges
601 3108 691 3161 parum
708 3090 823 3160 cognitas
842 3091 942 3153 fuisse,
958 3104 985 3146 et
1001 3093 1066 3145 iuris
1079 3093 1176 3162 peritos
1189 3110 1245 3146 rese
1260 3108 1324 3162 pro·

360 3184 462 3237 fitentes
480 3180 604 3230 maiorem
630 3177 791 3247 eloquentiae
815 3190 842 3232 et
856 3197 935 3232 aurae
959 3179 1078 3250 populari
1094 3197 1170 3248 quam
1193 3180 1258 3233 iuris
1284 3181 1326 3230 le-

360 3285 471 3338 gumque
499 3264 639 3333 cognitioni
662 3283 766 3318 narasse
798 3285 919 3336 operam,
946 3266 1126 3320 documentum
1147 3265 1221 3318 nobis
1247 3264 1326 3317 offert

357 3356 506 3427 egregium:
529 3370 587 3422 pag.
614 3353 682 3404 enirn
700 3354 752 3407 886
771 3354 847 3408 huius
867 3354 999 3407 Orationis
1020 3366 1091 3407 attor
1116 3354 1170 3421 ipre
1191 3354 1228 3405 rei
1248 3352 1325 3405 ultie-

361 3448 493 3514 ctionem,
506 3443 555 3497 hot
572 3442 604 3494 tle
614 3442 722 3495 erimine
739 3442 836 3496 nullam
853 3443 919 3513 apud
931 3443 1098 3497 Athenienser
1115 3452 1213 3494 exstare
1228 3441 1325 3511 legem,

358 3536 402 3591 ita-
416 3544 567 3603 retorquet,
585 3543 615 3585 ut
637 3532 722 3592 dieat,
744 3544 844 3587 tautum
868 3533 951 3587 scelus
968 3531 1140 3599 legislatorem
1167 3531 1272 3584 omnino
1293 3547 1324 3582 ne

357 3623 508 3695 praevidere
532 3620 638 3689 quidem
662 3621 801 3690 potuisse;
826 3620 889 3675 lieet
913 3620 946 3673 alt
977 3620 1037 3672 aliis
1056 3619 1224 3689 scriptoribus
1241 3619 1326 3674 (liser-

360 3716 395 3767 tis
410 3710 496 3763 verbis
514 3708 639 3761 traditum
656 3719 708 3774 est,
737 3707 881 3761 Solonis
899 3720 998 3762 exstare
1015 3705 1115 3779 legem,
1133 3726 1197 3778 quae
1220 3711 1269 3759 τὸν
1296 3707 1325 3757 ἐκ

360 3801 454 3853 στάσει
469 3797 612 3865 μηδετέρα
626 3797 721 3866 μερίδι
735 3797 942 3867 πρασθκμέκοκ,
960 3798 1033 3863 μηδέ
1049 3801 1231 3850 atterentem
1245 3797 1327 3869 infa-

359 3890 419 3941 mia
437 3897 556 3940 notaret:
574 3883 609 3936 ti.
625 3883 714 3938 Plut.
732 3887 766 3937 de
786 3888 815 3935 S.
834 3888 870 3940 N.
894 3888 928 3940 V.
946 3902 973 3954 p·
988 3890 1021 3940 13
1036 3886 1171 3956 wyte,
1189 3882 1323 3937 euiusriti.

362 3974 489 4031 animadv.
501 3972 534 4027 ad
545 3972 570 4029 h.
579 3971 597 4024 l.
608 3989 632 4039 p.
645 3973 690 4038 263
708 3972 827 4040 idemque
837 3973 864 4023 in
873 3971 919 4025 rit·
933 3971 1048 4028 Solon.
1066 3993 1090 4044 p·
1105 3977 1137 4027 89
1147 3973 1189 4039 tt,
1206 3983 1231 4023 et
1239 3971 1324 4039 Reip-

361 4065 398 4132 G.
406 4081 501 4133 praee.
519 4057 696 4129 petantur
710 4057 740 4115 t.
766 4059 892 4112 Cicero
909 4062 1016 4117 eandem
1032 4060 1326 4129 memoranslegemEp.

360 4153 401 4221 μδ
416 4152 478 4207 Au.
496 4149 525 4208 X.
543 4151 575 4216 1,
603 4163 674 4200 reum
697 4150 791 4217 eapite
808 4149 941 4223 sanxisse,
967 4164 993 4206 et
1013 4146 1238 4207 Aristoteles
1255 4143 1324 4216 apud
