2967 5092
614 595 658 663 ts

145 779 292 838 aetinnem
316 778 466 837 instituere
488 779 597 835 licitum
621 778 729 848 luisse,
767 798 802 837 ex
829 778 939 836 solenni
963 774 1118 856 praecenit

142 884 357 943 declamatione
366 888 412 948 sle
421 883 559 957 βούλεται
577 892 745 961 κατηγορεῖν
764 884 953 955 (Assumor.
972 882 992 940 l.
1011 902 1044 959 p.
1060 874 1114 955 il)

142 990 340 1068 perspicuum
359 1000 416 1046 est.
454 990 607 1047 Caeterum
630 987 771 1044 rationem
795 987 944 1044 iudicandi
965 988 997 1044 in
1020 988 1116 1044 reesa

141 1112 212 1160 ναις
227 1092 349 1151 eandem
362 1093 450 1151 fuisse
466 1110 545 1168 quae
561 1094 592 1150 in
606 1072 667 1150 aliis
688 1092 813 1169 viguerit
829 1091 961 1163 iudiciis,
987 1110 1023 1148 ex
1041 1091 1115 1149 Ora*

141 1199 280 1258 tionibus
302 1199 332 1255 in
355 1198 503 1263 εὐθύναις
521 1198 628 1255 habitis
656 1209 782 1255 constat.
822 1195 1026 1252 Memorandus
1044 1212 1118 1271 pore

141 1322 178 1360 rn
194 1315 243 1361 est
258 1301 340 1360 lucus
360 1300 614 1364 sicomorum.
633 1323 665 1379 p.
683 1302 738 1372 56,
768 1302 845 1358 unde
865 1301 1021 1371 discimus,
1046 1299 1117 1356 nulli

143 1407 349 1484 magistratui,
378 1406 549 1484 priusquam
573 1405 647 1463 hane
676 1406 822 1463 solennem
848 1405 986 1461 subiisset
1011 1422 1119 1461 censu·

142 1528 225 1585 ram,
254 1511 370 1569 licuisse
399 1511 445 1571 rel
468 1528 591 1590 peregre
610 1508 777 1588 proficisci,
807 1511 855 1567 vel
878 1510 956 1568 bona
980 1528 1032 1566 sua
1053 1511 1123 1566 Dee·

142 1617 234 1676 elicui
259 1635 456 1687 consecrare,
482 1635 579 1691 neque
602 1615 763 1692 adoptari,
791 1632 887 1689 neque
910 1624 1120 1671 testamentum

142 1723 261 1792 lacerer
283 1722 327 1780 iri
346 1721 379 1779 δὲ
399 1723 491 1799 λόγῳ,
520 1731 552 1776 ut
574 1719 654 1775 addit
672 1723 786 1774 Asson.
807 1717 972 1792 ἐνεχυράζει
997 1719 1048 1781 seir
1066 1718 1118 1774 oua

142 1829 249 1893 nluc'ti
265 1820 427 1902 νομοθέτης
448 1828 500 1891 τὰς
524 1826 581 1881 τῶν
607 1823 781 1880 ὑπευθύνων
805 1821 857 1884 ἕως
882 1823 916 1879 ἄν
943 1822 1114 1899 λόγονᾶπο·

144 1932 222 1990 δῶσι
241 1937 276 2005 τῇ
292 1932 379 1987 πόλει
397 1930 460 2003 (l).

206 2762 250 2800 DE
271 2758 452 2800 scutulum
470 2757 616 2811 MUNBRE‚
637 2758 741 2806 anuu
762 2758 952 2799 counimus
973 2760 1060 2799 APUD

526 2882 758 2923 ATHENIENSES.

157 3218 160 3232 ,
188 3161 229 3220 Ut
243 3162 296 3220 hae
320 3180 409 3238 supra
425 3160 573 3238 expositae
593 3162 719 3218 rationes
736 3192 774 3207 --
790 3163 873 3238 λόγοι
889 3170 919 3218 et
934 3161 1064 3220 εὔθυναι
1078 3190 1119 3209 ·-·

152 3279 288 3328 accurate
304 3266 425 3336 fierent,
447 3266 590 3343 Euthyuis
610 3265 820 3323 succurrebant
838 3264 969 3337 scribae,
994 3286 1118 3342 quorum

150 3393 328 3451 permagnus
342 3370 463 3430 Athenis
483 3381 545 3426 erat
559 3389 708 3428 numerus.
748 3370 858 3428 Omnes
872 3370 948 3425 enim
965 3372 1120 3446 magistra·

150 3488 201 3534 tus
226 3495 312 3532 suum
331 3475 478 3533 habebant
504 3474 690 3551 γραμματέα,
723 3475 775 3550 qui
797 3466 862 3529 acta
889 3485 939 3531 aut
962 3476 1118 3551 pecuniam

151 3578 301 3658 publicam
326 3590 477 3657 acceptam
501 3588 530 3634 et
554 3595 711 3654 expensam
739 3576 878 3634 notabat:
900 3591 1016 3653 praeter
1031 3598 1118 3653 quem

152 3685 284 3761 plerique
306 3685 393 3740 etiam
415 3681 593 3761 ἀντιγραφέα
614 3680 777 3751 habebant,
807 3690 996 3756 acceptorum
1014 3694 1043 3738 et
1067 3702 1120 3740 ex-

153 3806 311 3866 pensorum
330 3785 501 3844 documenta
515 3799 545 3843 et
560 3785 689 3863 exempla
712 3798 887 3844 servantem.
924 3786 1121 3847 Memorantur

161 3982 488 3999 *ιι-’.0.-

191 4113 233 4179 (l)
250 4114 289 4168 De
314 4110 438 4183 peculiari
457 4110 637 4167 Diaetetaruru
660 4112 788 4167 rationum
813 4111 1005 4171 referendarum
1031 4114 1108 4170 mede

156 4199 260 4253 eunius
274 4200 442 4255 conserendus
459 4211 499 4255 eat
516 4201 588 4257 llud
599 4216 647 4260 tr.
667 4201 684 4259 l.
703 4201 721 4259 l.
740 4219 754 4254 a
774 4219 828 4275 pag.
845 4203 952 4259 19-32.

871 4309 914 4368 fir
