2967 5092
654 562 696 625 35

196 749 291 809 tiones
320 766 383 807 ease
410 744 585 803 reddendas.
640 747 860 802 Nicomacnoru
889 764 958 820 ergo
990 758 1164 822 propterea,

197 852 276 926 quod
301 851 387 908 modu
410 849 527 926 triginta
552 849 634 925 operi
651 850 831 926 perficiendo
851 850 908 906 sibi
926 851 1063 925 assignati
1081 864 1163 908 erant

196 955 275 1027 dies,
295 956 423 1012 rationes
447 974 506 1011 non
528 952 706 1024 reddidisse,
727 953 967 1010 Baroussai.
991 977 1023 1032 p.
1041 955 1093 1014 155
1113 976 1164 1014 su-

196 1059 341 1135 spicatur3
363 1056 434 1112 haec
450 1066 547 1112 autem
566 1057 630 1128 lex,
649 1057 680 1114 ni
694 1056 788 1132 fallor,
817 1059 855 1114 ad
869 1057 1090 1115 Nrcouacuou
1109 1059 1167 1115 mi·

198 1163 275 1219 nime
301 1161 438 1239 pertinet.
501 1161 605 1217 Mirum
636 1179 739 1217 revera
769 1174 870 1233 esset,
907 1164 932 1220 si
955 1162 1162 1234 Athenienses,

196 1286 271 1341 quos
296 1285 365 1322 suos
395 1265 465 1323 satis
482 1274 647 1342 ‘suspectos
672 1264 810 1323 habuisse
842 1266 1028 1340 magistratus
1055 1265 1164 1322 nemini

193 1371 388 1446 incognitum,
414 1369 464 1426 tali
480 1388 598 1427 munere
618 1370 700 1445 fungi
714 1368 801 1425 alicui
825 1368 1017 1447 ἀνυπευθύνῳ
1043 1390 1164 1428 conces-

196 1475 320 1554 sissent,
339 1458 481 1531 nisi'aliis
505 1468 621 1548 legibus
646 1472 686 1529 ita
707 1473 1000 1546 esset'ohstrictus,
1015 1487 1049 1534 ut
1063 1477 1166 1554 reipu-

194 1578 292 1636 blicae
314 1596 421 1634 nocere
444 1576 493 1634 vix
514 1589 626 1653 posset.
670 1579 861 1637 arconneso
887 1580 974 1637 etiarn
997 1580 1167 1639 mandatum

192 1702 343 1741 sacrorum
366 1681 463 1756 legum
488 1680 746 1738 describendarum
761 1703 867 1740 munus
886 1684 926 1740 ita
942 1684 1041 1743 stricte
1060 1683 1167 1743 delini-s

194 1797 352 1857 tumeret,
372 1797 404 1842 ut
424 1783 467 1860 (ξ.
483 1781 516 1853 4)
537 1784 729 1860 διωρισμένον
756 1798 834 1843 esset
851 1787 882 1852 ἐξ
896 1775 936 1841 ὧν
957 1787 1017 1843 ἔδει
1038 1786 1164 1864 διαγρά-

195 1900 280 1963 paee,
300 1900 450 1968 praeterea
462 1888 510 1960 (l)
526 1888 601 1943 intra
618 1891 728 1944 mensis
745 1890 870 1966 spatium
885 1891 1102 1966 Magistratihus
1112 1892 1160 1964 (2)

193 1990 557 2071 legeresseuttradendae3
581 2000 628 2059 et,
646 2001 677 2057 ut
685 1992 717 2047 iu
726 1992 791 2068 ipso
799 2005 844 2049 est
854 1993 1068 2071 psephismata:
1088 1999 1158 2059 τούς

193 2094 443 2176 παραδιδομένους
466 2099 573 2170 νόμους
593 2097 780 2169 δοκιμασάτω
801 2100 977 2174 πρότεροιῆ
1000 2100 1089 2172 βουλή
1114 2107 1165 2158 καὶ

195 2209 226 2262 οἱ
253 2205 413 2277 νομοθέται
442 2203 472 2259 οἱ
499 2204 705 2265 πεντακόσιοι,
736 2205 790 2268 οὓς
807 2206 849 2261 ὀἱ
875 2205 1003 2278 δημόται
1029 2204 1161 2271 εἴλοντο,

193 2309 296 2379 ἐπειδή
316 2307 514 2382 ὀμωμόκασιν.
553 2306 635 2361 Ano.
653 2304 792 2378 deMysr.
811 2328 843 2384 p.
861 2306 911 2367 40,
946 2309 999 2367 His
1015 2310 1041 2367 si
1056 2310 1162 2367 obedi.

191 2413 282 2472 iisset
297 2432 383 2482 reus.
401 2412 534 2473 εὐθύνας
560 2410 678 2469 διδόναι
700 2427 801 2480 revera
825 2432 1039 2488 supervacuum
1065 2426 1165 2486 esset,

195 2521 262 2594 qnia
291 2519 354 2595 ipse
389 2516 513 2571 Senatus
537 2526 566 2570 et
594 2511 835 2570 Nomothetarum
860 2517 1086 2592 quingentorum
1112 2518 1160 2572 do-

192 2626 316 2707 κιμασιμ
331 2620 475 2679 obnoxius
490 2630 579 2676 essct.
598 2618 649 2675 llis
659 2629 755 2705 autem
770 2617 925 2695 neglectis,
945 2623 1079 2678 ἁπάντων
1094 2608 1164 2678 αοεα

194 2731 298 2805 κύριοι
316 2725 402 2796 fecit,
423 2744 517 2800 neque
533 2734 565 2803 ut
581 2721 661 2799 leges
680 2721 865 2797 explorarent
880 2723 933 2782 illis
952 2726 1158 2803 opportunita-

192 2846 253 2890 tem
269 2830 349 2896 dedit
372 2829 604 2905 magistratibus‚
631 2827 739 2902 etipse
757 2827 787 2882 in
807 2839 931 2903 quatuor
946 2850 1039 2887 annos
1055 2850 1162 2888 munus

193 2938 291 2997 traxit.
310 2936 385 2995 Eum
399 2934 487 3008 igitur
502 2912 639 2999 accusare
659 2930 683 2985 si
704 2930 769 3003 quis
786 2928 887 2999 vellet,
912 2932 1031 3015 ἀλομὶου
1051 2935 1162 3011 γραφήν

194 3040 346 3097 instituere
371 3055 491 3094 necesse
521 3046 600 3102 erut,
632 3030 711 3106 quod
741 3032 904 3100 rationibus
937 3055 997 3092 non
1020 3037 1159 3111 redditis,

191 3146 272 3221 leges
291 3161 343 3200 sua
360 3138 531 3197 auctoritate
547 3136 579 3193 in
594 3134 748 3194 Civitatem
764 3134 924 3196 induxisset
945 3137 1008 3212 (3).

193 3308 500 3343 w-—r-r

225 3417 269 3487 (1)
286 3415 317 3468 ln
334 3412 461 3482 superiori
480 3415 502 3476 §.
521 3412 771 3466 Nicomachum
799 3414 827 3466 in
854 3432 945 3467 aarum
969 3433 1093 3485 numero,
1113 3416 1158 3486 qui

190 3507 268 3558 hotot
284 3502 457 3572 psephismate
477 3500 559 3553 creati
576 3511 635 3552 snrrt
652 3501 837 3567 Nomothetae,
856 3502 934 3556 luisse
953 3503 1159 3574 disputavimus,

194 3593 262 3664 qnod
283 3594 337 3661 ipae
355 3589 475 3656 Bergk.
494 3605 549 3658 pag.
564 3591 611 3641 153
628 3589 730 3656 prohat.

226 3681 270 3753 (2)
288 3679 324 3733 lli
343 3677 510 3746 Magistratus
526 3675 618 3742 viginti
636 3676 676 3728 illi
692 3676 743 3728 viri
762 3687 854 3743 eraut,
879 3675 972 3745 quihus
990 3676 1157 3747 Reipublicae

191 3768 385 3825 administratio
403 3777 459 3820 erat
477 3765 617 3833 mandata,
641 3765 721 3817 donec
747 3764 875 3816 ordinarii
892 3766 973 3817 errati
994 3779 1078 3820 esseat
1095 3767 1157 3820 Ma-

189 3862 325 3928 gistratus.
359 3854 399 3910 Cl.
417 3854 564 3922 Xenoph.
580 3853 659 3906 Hell.
680 3852 722 3915 ll,
741 3857 758 3906 h
774 3853 801 3904 iu
820 3852 878 3904 fine.

227 3947 269 4017 (3)
286 3945 340 3998 llas
358 3961 372 3995 a
388 3942 597 3996 Nicomacho
620 3942 731 4010 scriptas
749 3943 832 4007 leger,
861 3942 915 3993 iam
934 3960 980 4009 per
1006 3941 1069 3994 dnos
1086 3956 1156 3998 certe

192 4052 270 4087 anuos
290 4032 419 4100 riguisse,
435 4050 466 4084 ex
483 4050 530 4096 eo,
548 4031 616 4102 quod
634 4043 706 4085 actor
723 4033 748 4102 ς
764 4032 796 4083 21
814 4030 950 4099 queritur,
975 4049 1048 4083 reum
1073 4032 1157 4100 largi-

192 4124 262 4175 tione
290 4123 316 4174 in
345 4120 424 4174 saeris
440 4119 601 4175 celebrandis
627 4120 763 4188 adhibita,
781 4118 884 4171 hiennio
901 4117 1035 4172 duodecim
1054 4121 1158 4181 talentis
1188 4152 1197 4165 -

194 4209 263 4264 ultra
279 4227 354 4280 qoam
368 4209 501 4280 oportebat
517 4208 647 4265 civitaten
666 4208 822 4274 mulctasse,
841 4208 927 4264 videre
943 4206 1016 4261 licet.

959 4297 1004 4358 51
