2967 5092
646 559 683 624 tt

178 741 286 799 babere
314 740 416 798 suadet
440 743 579 798 rationem
596 744 706 821 quippe
730 740 782 811 vir
807 737 946 814 ὑμετέροιν
969 744 1148 811 νομοθεσίαν

181 845 391 916 ἀφανιζόντων.
427 846 489 902 Nos
511 847 602 917 enim,
622 850 675 916 ait,
701 846 740 902 ab
759 844 804 901 bis
826 842 982 913 sollicitati,
1004 843 1153 920 praeibas.

180 949 299 1007 obedire
318 949 485 1008 noluimusr
504 950 581 1007 idem
599 973 615 1007 a
631 953 716 1009 robis
731 950 874 1028 petimus,
898 964 1106 1027 provocamus·
1154 1004 1156 1009 ,

550 1196 770 1225 m

626 1393 651 1470 a.
689 1392 719 1458 a.

259 1628 408 1668 urst-ortui
429 1626 588 1668 sonorus.
626 1620 764 1683 mutuus,
788 1631 849 1678 Quo
870 1631 989 1670 uastas
1010 1630 1060 1668 srr

597 1731 724 1774 ortarto.

218 1963 397 2040 Argumento
422 1958 508 2016 huius
533 1959 680 2017 Orationis
704 1963 861 2040 exposito,
888 1964 970 2041 prius
996 1982 1150 2039 quamac-

183 2066 339 2126 cusationis
357 2065 451 2141 capita
475 2084 668 2142 exponamus,
695 2065 818 2124 actionis
842 2067 1008 2136 historiam,
1029 2066 1152 2139 difficul-

182 2172 292 2228 tatibus
319 2169 515 2247 implicatam,
536 2189 607 2244 quas
633 2169 713 2225 vario
739 2169 826 2227 modo
850 2166 948 2228 tollere
973 2173 1149 2248 interpretes

185 2276 280 2333 conati
302 2285 386 2354 sunt,
405 2273 546 2330 illustrare
570 2291 690 2329 necesse
707 2284 802 2351 puto,
833 2295 890 2350 quo
912 2277 990 2333 sacto
1013 2288 1146 2355 tempus,

184 2401 242 2456 quo
262 2381 298 2436 sit
311 2379 411 2435 hahita
429 2377 546 2446 Oratio,
568 2389 671 2455 sponte
691 2375 901 2451 designabitur.

221 2483 324 2539 Statim
348 2482 426 2539 enim
448 2482 480 2539 in
502 2481 586 2538 initio
613 2480 760 2537 Orationis
788 2480 846 2537 sibi
865 2481 988 2538 invicem
1007 2487 1151 2543 contraria

183 2588 247 2642 visa
265 2585 303 2641 ab
327 2598 425 2643 actore
442 2596 557 2643 narrata
574 2604 628 2642 nos
654 2583 821 2640 offendunt:
843 2583 905 2659 §.2
932 2586 1048 2661 quidem
1069 2571 1159 2646 actor·

184 2690 375 2747 Nrcouucno
394 2691 519 2768 imputat
536 2689 614 2765 quod
624 2710 679 2766 pro
699 2691 788 2746 tribus
803 2689 975 2746 mensibusin
990 2696 1152 2751 sexennium

184 2795 338 2870 imperium
356 2796 507 2863 traxisset3
535 2794 589 2851 sed
614 2792 678 2870 §.4
700 2814 767 2849 eum
784 2806 901 2850 accusat
927 2796 1006 2871 quod
1027 2807 1152 2874 quatuor

186 2916 277 2952 annos
293 2916 411 2953 munere
420 2940 428 2967 ,
439 2897 519 2971 quod
532 2898 656 2972 triginta
672 2898 768 2953 diebus
784 2897 928 2972 perficere
945 2899 974 2954 ei
990 2912 1052 2958 erat
1069 2922 1152 2959 man-

183 2998 298 3067 datum,
320 2999 437 3056 functus
453 3011 541 3056 esset.
1153 3004 1156 3010 '

192 3096 198 3103 ’
222 3104 389 3172 Praeterea,
418 3123 506 3178 quum
530 3104 561 3160 in
586 3102 668 3160 initio
696 3102 844 3159 Orationis
867 3103 953 3160 modo
978 3105 1013 3162 de
1037 3080 1157 3184 legibus¹

184 3208 321 3264 sor-,orn
346 3206 544 3264 describendis
571 3218 638 3264 anta
672 3208 950 3284 Triginta-virorum
972 3213 1152 3275 dominatum

187 3312 227 3387 (ξ.
246 3310 369 3383 9-15)
392 3331 486 3368 sermo
507 3312 564 3382 sit,
590 3313 619 3368 in
636 3325 783 3389 postrema
806 3327 890 3392 parte
907 3315 942 3371 de
956 3317 1051 3374 Sacris
1067 3340 1082 3374 a
1097 3340 1148 3378 reo

185 3417 330 3493 corruptis
345 3428 414 3493 post
428 3416 591 3472 restitutam
606 3414 769 3474 libertatem
790 3417 891 3494 (§.22)
909 3431 990 3478 actor
1003 3420 1149 3497 loquitur:

184 3521 220 3575 de
235 3520 428 3599 quibuslocis
447 3520 522 3576 infra
539 3519 763 3598 disputabimus.

224 3623 351 3678 Primum
374 3624 457 3700 quale
482 3625 668 3681 Nicomacm
696 3626 785 3684 suerit
809 3645 930 3697 munus,
960 3628 1151 3704 inquiramus.

185 3727 282 3784 Multis
306 3727 421 3800 quidem
448 3730 520 3788 locis
543 3730 630 3788 huius
655 3731 804 3789 Orationis
828 3731 991 3806 νομοθέτης
1011 3749 1153 3812 vocatur,

187 3849 359 3907 quamquam
378 3831 452 3888 inter
470 3853 540 3905 eos,
563 3857 637 3912 quos
657 3836 811 3911 quotannis
826 3857 863 3894 ex
885 3837 1020 3894 Sonoms
1038 3839 1085 3912 (l)
1103 3842 1151 3898 in-

196 4138 200 4143 *
222 4113 265 4181 (1)
283 4112 331 4166 eff.
350 4114 438 4166 Dem.
456 4116 519 4165 adv.
539 4118 619 4182 [αρν.
637 4133 660 4183 p.
678 4117 745 4177 485,
763 4114 920 4166 Acachia.
940 4119 1005 4168 adv.
1027 4120 1149 4188 ctesiph.

188 4215 213 4267 p.
225 4203 292 4269 379,
310 4200 356 4254 uhi
370 4200 466 4256 Orator
482 4201 596 4269 loquitur
615 4205 644 4256 de
665 4222 746 4256 annua
763 4204 807 4257 illa
828 4203 1069 4256 Thesmothetarum
1086 4220 1149 4256 oen-

951 4292 993 4348 2,
