2967 5092
802 509 822 569 6

312 697 346 748 'et
365 691 418 748 illis
442 692 624 769 temporibus
650 692 739 767 magis
766 693 984 747 convenientem
1008 680 1152 765 redigeret
1172 712 1282 748 sermo-

312 811 383 854 nem
406 796 470 867 (l),
493 816 526 851 ea
541 808 636 851 temen
656 795 835 864 conditione,
857 808 888 850 ut
906 809 1029 869 quatuor
1042 795 1190 852 mensibus
1207 817 1282 871 opus

316 901 486 977 perficeret;
511 898 589 974 quod
612 919 670 954 non
683 899 769 954 modo
789 919 854 954 eum
870 900 1028 973 neglexisse
1046 913 1126 956 actor
1144 900 1206 969 ille,
1227 916 1281 974 pro

309 1022 375 1079 ”quo
392 1007 508 1059 ursus
526 1003 600 1058 hauc
620 1003 784 1079 composuit
799 1004 977 1072 orationem,
1001 1006 1172 1080 exprobrat,
1193 1025 1282 1078 quum

310 1112 369 1184 ‘pro
394 1119 517 1181 quartuor
542 1107 692 1162 mensibus
717 1107 884 1161 sexennium
909 1108 1090 1177 retinuisset,
1120 1109 1281 1163 rationibus

311 1211 521 1281 anamodus,
536 1228 641 1267 munus
652 1241 686 1252 -
696 1211 746 1279 τήν
762 1212 852 1284 ἀρχήν
872 1211 918 1282 (2)
931 1255 938 1280 ,
955 1243 995 1257 -·
1014 1211 1141 1285 quotidie
1158 1213 1283 1287 pecunia

311 1320 453 1390 ‘necepta3
477 1316 527 1370 sed
551 1327 700 1389 praeterea
716 1315 808 1370 maius
824 1316 851 1369 ei
873 1316 1107 1391 imputatsceluS,
1133 1315 1211 1389 quod
1227 1335 1281 1391 pro

314 1420 441 1473 &osori
468 1437 499 1474 se
523 1420 620 1494 ipsum
640 1420 838 1475 constituisset
860 1420 1068 1492 legislatorem,
1088 1422 1128 1475 ita
1144 1432 1176 1475 ut
1199 1419 1283 1493 quasi

309 1524 498 1598 dispensator
516 1549 551 1563 »-
570 1521 805 1596 ruptim-leges
822 1523 932 1577 civitati
955 1523 1174 1598 descripsisset,
1194 1523 1278 1578 adeo·

311 1649 375 1703 que
388 1628 585 1684 fraudulenter
599 1628 719 1701 egisset,
741 1639 774 1683 ut
793 1625 978 1683 adversarius
995 1628 1025 1682 in
1044 1628 1158 1683 iudiciis
1172 1626 1249 1701 leges
1265 1645 1283 1681 a

314 1733 505 1790 Nicomcao
523 1744 660 1807 acceptas
679 1744 801 1807 uterque
818 1732 994 1788 ostenderet.
1027 1735 1053 1788 A
1064 1731 1283 1807 Magistratibus

311 1827 412 1893 nutem
437 1836 590 1891 muletatus
604 1846 634 1888 et
658 1836 689 1890 in
706 1836 752 1890 ius
768 1849 905 1905 vocatus,
925 1837 1109 1893 nihilominus
1125 1837 1203 1912 leges
1223 1848 1283 1892 tra-

311 1941 386 1996 'dere
405 1940 588 2012 rationesque
606 1939 726 1993 redde-re
743 1939 850 2003 noluit,
879 1942 1019 2015 priusque
1038 1941 1138 1996 civitas
1157 1959 1282 1996 summas

310 2062 403 2121 passa
419 2041 673 2098 eratealamitates
688 2063 870 2118 -pugnam
888 2045 968 2121 apud
990 2044 1084 2119 Aegos
1103 2045 1238 2098 Potamos
1255 2054 1284 2097 et

313 2147 391 2204 mala
409 2146 476 2201 iude
494 2158 664 2202 consecuta:
698 2147 735 2201 cf.
756 2148 899 2204 >taso-1211.
919 2148 999 2204 Hell.
1019 2147 1105 2218 lit,
1123 2148 1144 2205 6
1161 2167 1225 2222 sqq.
1246 2178 1285 2191 —

311 2270 404 2326 quam
418 2249 465 2305 ille
483 2270 590 2306 munus
605 2250 753 2325 deposuit.

356 2358 393 2411 In
414 2375 429 2409 e
443 2376 459 2410 a
475 2352 529 2429 §.lt
542 2354 579 2410 ad
594 2353 677 2409 aliam
692 2356 794 2410 transit
803 2358 1035 2413 accusationem:
1057 2355 1284 2433 quaerensenim

318 2471 400 2518 actor
418 2461 522 2516 ὁποίαν
537 2465 586 2515 καὶ
605 2463 658 2515 νῦν
680 2460 731 2528 τήν
755 2459 846 2535 ἀρχήν
870 2462 1083 2532 κατεστήσατο;
1105 2459 1281 2536 respondet:

315 2584 374 2643 pro
388 2565 505 2639 triginta
521 2563 625 2620 diebus
641 2565 673 2618 in
692 2576 816 2638 quatuor
823 2585 915 2621 annos
929 2585 1034 2621 munus
1048 2567 1146 2633 traxit,
1166 2576 1285 2640 praete-

315 2686 365 2724 rea
375 2687 461 2742 quam
468 2667 592 2743 pessime
601 2668 718 2725 functus
734 2680 779 2723 est
787 2687 920 2739 munere,
939 2670 1091 2743 quoniam,
1111 2669 1195 2738 licet,
1215 2667 1285 2742 quid

317 2773 377 2850 ipsi
389 2785 466 2829 esset
483 2772 642 2848 agendum,
664 2771 817 2829 definitum
834 2785 863 2828 et
880 2784 1018 2830 statutum
1035 2786 1128 2844 esset,
1151 2776 1284 2830 ἁπάντων

322 2881 427 2953 κύριον
443 2896 473 2933 se
482 2877 567 2947 fecit,
587 2877 618 2932 id
635 2889 697 2947 est,
712 2877 807 2935 omnia
827 2896 879 2934 sua
894 2879 1008 2954 peregit
1024 2880 1211 2952 auctoritate,
1232 2899 1289 2936 ne-

324 3001 382 3057 que
397 2981 525 3037 decretis
543 2981 684 3038 obediens
697 3000 792 3056 neque
810 2982 889 3056 leges
904 2982 1057 3039 reveritus.

358 3088 402 3144 Ut
424 3086 574 3143 iudicibus
593 3103 659 3142 eum
681 3084 713 3140 in
736 3086 829 3141 maius
851 3085 949 3141 odium
968 3086 1108 3158 adducat,
1134 3093 1175 3151 εἰς
1198 3092 1286 3142 τοῦτο

323 3193 432 3269 ὕβρεως
455 3190 548 3261 ἥκεις,
575 3190 685 3264 inquit,
716 3189 791 3245 ὥστε
814 3195 922 3244 σαυτοῦ
943 3191 1070 3261 νομίζεις
1089 3184 1164 3247 εἶναι
1192 3192 1285 3257 τάτῇς

324 3301 451 3361 πόλεως,
480 3295 571 3359 αὐτὸς
592 3294 734 3367 δημόσιος
765 3291 822 3348 div:
848 3293 950 3349 eodem
972 3292 1059 3349 modo
1086 3292 1113 3368 §-
1134 3291 1187 3362 27,
1211 3291 1284 3348 ἀλλὰ

317 3407 422 3477 Υτούτῳ
441 3422 473 3477 γε
496 3398 635 3474 προσήκει
656 3401 707 3456 διά
727 3400 781 3473 μέν
806 3399 897 3456 αὐτόν
919 3399 1075 3465 τεθνάναι,
1096 3397 1147 3451 dmi
1169 3395 1201 3454 δὲ
1216 3399 1287 3461 τούς

316 3596 660 3617 *m-

355 3706 398 3776 (1)
418 3707 458 3760 Cf.
477 3704 630 3757 Schoem·
650 3707 681 3755 de
703 3708 775 3757 Com.
793 3704 860 3756 Alli.
879 3722 905 3769 p.
920 3705 977 3755 267.

354 3797 396 3862 (2)
413 3794 454 3845 De
472 3811 519 3845 usu
533 3790 650 3844 vocabuli
668 3793 754 3858 ἀρχή,
776 3791 802 3848 h.
817 3791 834 3845 l.
854 3793 884 3841 de
907 3791 1005 3842 scribae
1028 3806 1131 3840 munere
1152 3790 1284 3857 usurpati,

319 3885 389 3952 quod
407 3882 559 3949 magistrat
577 3880 714 3947 ὑπερὴσία
730 3897 805 3948 quam
821 3880 908 3946 ἀρχή,
927 3880 978 3934 rid.
997 3879 1021 3930 ll
1032 3879 1068 3929 ud
1079 3892 1126 3929 tu.
1145 3882 1176 3929 de
1187 3882 1284 3933 Dr'aet.

319 3975 408 4042 pst,
426 3969 588 4023 Aeschin.
609 3971 637 4019 ιἰι
652 3969 775 4034 ctesiph.
792 3971 874 4033 peta
893 3981 919 4019 et
935 3972 986 4021 3'0
1005 3969 1097 4036 lau„
1134 3965 1283 4022 Buoekh.

320 4064 384 4115 (νει.
406 4063 463 4113 civ.
482 4059 548 4112 Arb.
569 4056 626 4109 Vol.
638 4055 659 4109 Ι.
678 4074 704 4123 p.
716 4059 782 4124 257,
803 4055 950 4117 Schoem.
977 4061 1009 4113 de
1029 4064 1100 4113 Com.
1120 4075 1143 4125 p.
1163 4058 1210 4110 307
1229 4074 1288 4128 sqq.

321 4146 676 4212 rtllellter.ll.p.33.
