<?xml version="1.0" encoding="UTF-8"?>
<!DOCTYPE html PUBLIC "-//W3C//DTD XHTML 1.0 Transitional//EN"
    "http://www.w3.org/TR/xhtml1/DTD/xhtml1-transitional.dtd">
<html xmlns="http://www.w3.org/1999/xhtml" xml:lang="en" lang="en">
 <head>
  <title>
</title>
<meta http-equiv="Content-Type" content="text/html;charset=utf-8" />
  <meta name='ocr-system' content='tesseract 3.04.00' />
  <meta name='ocr-capabilities' content='ocr_page ocr_carea ocr_par ocr_line ocrx_word'/>
</head>
<body>
  <div class='ocr_page' id='page_1' title='image "./specimenliterar00weijgoog_0037.png"; bbox 0 0 2967 5092; ppageno 0'>
   <div class='ocr_carea' id='block_1_1' title="bbox 655 573 700 637">
    <p class='ocr_par' dir='ltr' id='par_1_1' title="bbox 655 573 700 637">
     <span class='ocr_line' id='line_1_1' title="bbox 655 573 700 637; baseline 0 0"><span class='ocrx_word' id='word_1_1' title='bbox 655 573 700 637; x_wconf 75' lang='grc'>25</span> 
     </span>
    </p>
   </div>
   <div class='ocr_carea' id='block_1_2' title="bbox 185 756 1159 3014">
    <p class='ocr_par' dir='ltr' id='par_1_2' title="bbox 185 756 1159 3014">
     <span class='ocr_line' id='line_1_2' title="bbox 188 756 1159 834; baseline 0.002 -17"><span class='ocrx_word' id='word_1_2' title='bbox 188 773 265 817; x_wconf 82' lang='lat' dir='ltr'>nuos</span> <span class='ocrx_word' id='word_1_3' title='bbox 283 776 399 827; x_wconf 87' lang='lat' dir='ltr'>annos,</span> <span class='ocrx_word' id='word_1_4' title='bbox 433 756 571 825; x_wconf 74' lang='lat' dir='ltr'>traxisse,</span> <span class='ocrx_word' id='word_1_5' title='bbox 602 768 632 812; x_wconf 84' lang='lat' dir='ltr'>et</span> <span class='ocrx_word' id='word_1_6' title='bbox 659 775 695 813; x_wconf 81' lang='lat' dir='ltr'>ex</span> <span class='ocrx_word' id='word_1_7' title='bbox 711 758 784 834; x_wconf 88' lang='lat' dir='ltr'>ipsis</span> <span class='ocrx_word' id='word_1_8' title='bbox 810 759 932 814; x_wconf 79' lang='lat' dir='ltr'>Lsssss</span> <span class='ocrx_word' id='word_1_9' title='bbox 960 757 1047 817; x_wconf 86' lang='lat' dir='ltr'>modo</span> <span class='ocrx_word' id='word_1_10' title='bbox 1063 758 1159 819; x_wconf 80' lang='lat' dir='ltr'>citatis</span> 
     </span>
     <span class='ocr_line' id='line_1_3' title="bbox 193 860 1158 939; baseline -0.001 -20"><span class='ocrx_word' id='word_1_11' title='bbox 193 862 234 939; x_wconf 85' lang='lat'>(5.</span> <span class='ocrx_word' id='word_1_12' title='bbox 249 860 283 931; x_wconf 80' lang='lat'>3)</span> <span class='ocrx_word' id='word_1_13' title='bbox 303 860 403 919; x_wconf 85' lang='lat' dir='ltr'>verbis</span> <span class='ocrx_word' id='word_1_14' title='bbox 419 861 609 938; x_wconf 79' lang='lat' dir='ltr'>perspicuum</span> <span class='ocrx_word' id='word_1_15' title='bbox 624 872 685 932; x_wconf 89' lang='lat' dir='ltr'>est,</span> <span class='ocrx_word' id='word_1_16' title='bbox 713 881 781 918; x_wconf 91' lang='lat' dir='ltr'>eum</span> <span class='ocrx_word' id='word_1_17' title='bbox 798 880 916 919; x_wconf 87' lang='lat' dir='ltr'>munere</span> <span class='ocrx_word' id='word_1_18' title='bbox 936 882 967 919; x_wconf 93' lang='lat' dir='ltr'>se</span> <span class='ocrx_word' id='word_1_19' title='bbox 986 875 1056 920; x_wconf 86' lang='lat' dir='ltr'>tunc</span> <span class='ocrx_word' id='word_1_20' title='bbox 1072 862 1158 925; x_wconf 46' lang='lat' dir='ltr'>abdit</span> 
     </span>
     <span class='ocr_line' id='line_1_4' title="bbox 191 964 1157 1042; baseline -0.001 -19"><span class='ocrx_word' id='word_1_21' title='bbox 191 985 288 1035; x_wconf 87' lang='lat' dir='ltr'>casse,</span> <span class='ocrx_word' id='word_1_22' title='bbox 306 965 404 1040; x_wconf 84' lang='lat' dir='ltr'>itaque</span> <span class='ocrx_word' id='word_1_23' title='bbox 427 964 505 1040; x_wconf 79' lang='lat' dir='ltr'>leges</span> <span class='ocrx_word' id='word_1_24' title='bbox 524 965 658 1020; x_wconf 77' lang='lat' dir='ltr'>Sonosus</span> <span class='ocrx_word' id='word_1_25' title='bbox 677 966 846 1036; x_wconf 73' lang='lat' dir='ltr'>tradidisse,</span> <span class='ocrx_word' id='word_1_26' title='bbox 867 986 973 1042; x_wconf 86' lang='lat' dir='ltr'>qnare,</span> <span class='ocrx_word' id='word_1_27' title='bbox 994 966 1066 1042; x_wconf 90' lang='lat' dir='ltr'>quid</span> <span class='ocrx_word' id='word_1_28' title='bbox 1078 966 1157 1024; x_wconf 85' lang='lat' dir='ltr'>Ora·</span> 
     </span>
     <span class='ocr_line' id='line_1_5' title="bbox 189 1068 1154 1144; baseline 0 -18"><span class='ocrx_word' id='word_1_29' title='bbox 189 1068 277 1127; x_wconf 88' lang='lat' dir='ltr'>tionis</span> <span class='ocrx_word' id='word_1_30' title='bbox 286 1069 315 1125; x_wconf 88' lang='lat' dir='ltr'>in</span> <span class='ocrx_word' id='word_1_31' title='bbox 332 1068 389 1124; x_wconf 88' lang='lat' dir='ltr'>Ed.</span> <span class='ocrx_word' id='word_1_32' title='bbox 408 1071 501 1125; x_wconf 83' lang='lat' dir='ltr'>Dosse.</span> <span class='ocrx_word' id='word_1_33' title='bbox 523 1071 1096 1144; x_wconf 76' lang='lat' dir='ltr'>argumentiauctorem-Tasoosusr,</span> <span class='ocrx_word' id='word_1_34' title='bbox 1115 1098 1154 1119; x_wconf 76' lang='grc' dir='ltr'>-ι</span> 
     </span>
     <span class='ocr_line' id='line_1_6' title="bbox 190 1170 1154 1250; baseline -0.002 -19"><span class='ocrx_word' id='word_1_35' title='bbox 190 1175 269 1249; x_wconf 87' lang='lat' dir='ltr'>qnod</span> <span class='ocrx_word' id='word_1_36' title='bbox 290 1174 449 1229; x_wconf 75' lang='lat' dir='ltr'>Ferratus</span> <span class='ocrx_word' id='word_1_37' title='bbox 462 1170 638 1231; x_wconf 84' lang='lat' dir='ltr'>adverbum</span> <span class='ocrx_word' id='word_1_38' title='bbox 653 1172 824 1250; x_wconf 72' lang='lat' dir='ltr'><strong>descripsit,</strong></span> <span class='ocrx_word' id='word_1_39' title='bbox 840 1173 872 1229; x_wconf 87' lang='lat' dir='ltr'>in</span> <span class='ocrx_word' id='word_1_40' title='bbox 887 1192 1015 1230; x_wconf 90' lang='lat' dir='ltr'>errorem</span> <span class='ocrx_word' id='word_1_41' title='bbox 1031 1172 1154 1230; x_wconf 84' lang='lat' dir='ltr'>induxe-</span> 
     </span>
     <span class='ocr_line' id='line_1_7' title="bbox 187 1276 1155 1353; baseline 0 -19"><span class='ocrx_word' id='word_1_42' title='bbox 187 1278 241 1348; x_wconf 86' lang='lat' dir='ltr'>rit,</span> <span class='ocrx_word' id='word_1_43' title='bbox 261 1277 423 1345; x_wconf 77' lang='lat' dir='ltr'>dicentem,</span> <span class='ocrx_word' id='word_1_44' title='bbox 443 1294 527 1332; x_wconf 86' lang='lat' dir='ltr'>reum</span> <span class='ocrx_word' id='word_1_45' title='bbox 540 1296 633 1334; x_wconf 84' lang='lat' dir='ltr'>novas</span> <span class='ocrx_word' id='word_1_46' title='bbox 646 1306 686 1320; x_wconf 90' lang='lat'><em>-</em></span> <span class='ocrx_word' id='word_1_47' title='bbox 699 1276 820 1334; x_wconf 83' lang='lat' dir='ltr'>maxime</span> <span class='ocrx_word' id='word_1_48' title='bbox 836 1278 893 1335; x_wconf 88' lang='lat' dir='ltr'>sub</span> <span class='ocrx_word' id='word_1_49' title='bbox 904 1278 1155 1353; x_wconf 74' lang='lat' dir='ltr'>triginta-viris·-</span> 
     </span>
     <span class='ocr_line' id='line_1_8' title="bbox 186 1379 1157 1457; baseline 0.002 -20"><span class='ocrx_word' id='word_1_50' title='bbox 186 1379 265 1456; x_wconf 83' lang='lat' dir='ltr'>leges</span> <span class='ocrx_word' id='word_1_51' title='bbox 272 1401 327 1457; x_wconf 89' lang='lat' dir='ltr'>pro</span> <span class='ocrx_word' id='word_1_52' title='bbox 334 1379 456 1438; x_wconf 84' lang='lat' dir='ltr'>arbitrio</span> <span class='ocrx_word' id='word_1_53' title='bbox 465 1379 609 1450; x_wconf 87' lang='lat' dir='ltr'>intulisse,</span> <span class='ocrx_word' id='word_1_54' title='bbox 625 1380 883 1440; x_wconf 87' lang='lat' dir='ltr'>adconiiciendurn</span> <span class='ocrx_word' id='word_1_55' title='bbox 890 1381 1003 1439; x_wconf 83' lang='lat' dir='ltr'>difficile</span> <span class='ocrx_word' id='word_1_56' title='bbox 1011 1392 1070 1451; x_wconf 88' lang='lat' dir='ltr'>est,</span> <span class='ocrx_word' id='word_1_57' title='bbox 1087 1380 1157 1457; x_wconf 87' lang='lat' dir='ltr'>quia</span> 
     </span>
     <span class='ocr_line' id='line_1_9' title="bbox 187 1483 1156 1562; baseline 0.001 -22"><span class='ocrx_word' id='word_1_58' title='bbox 187 1504 249 1541; x_wconf 88' lang='lat' dir='ltr'>non</span> <span class='ocrx_word' id='word_1_59' title='bbox 264 1484 350 1541; x_wconf 88' lang='lat' dir='ltr'>ruodo</span> <span class='ocrx_word' id='word_1_60' title='bbox 378 1483 467 1553; x_wconf 89' lang='lat' dir='ltr'>nilril,</span> <span class='ocrx_word' id='word_1_61' title='bbox 490 1484 566 1542; x_wconf 88' lang='lat' dir='ltr'>unde</span> <span class='ocrx_word' id='word_1_62' title='bbox 592 1485 735 1562; x_wconf 86' lang='lat' dir='ltr'>suspicari</span> <span class='ocrx_word' id='word_1_63' title='bbox 749 1484 850 1541; x_wconf 87' lang='lat' dir='ltr'>liceret</span> <span class='ocrx_word' id='word_1_64' title='bbox 866 1485 1084 1542; x_wconf 76' lang='lat' dir='ltr'>mcomcauu</span> <span class='ocrx_word' id='word_1_65' title='bbox 1099 1484 1156 1541; x_wconf 87' lang='lat' dir='ltr'>snb</span> 
     </span>
     <span class='ocr_line' id='line_1_10' title="bbox 187 1586 1155 1665; baseline -0.002 -18"><span class='ocrx_word' id='word_1_66' title='bbox 187 1586 392 1663; x_wconf 83' lang='lat' dir='ltr'>triginta-viris</span> <span class='ocrx_word' id='word_1_67' title='bbox 411 1588 543 1647; x_wconf 74' lang='lat' dir='ltr'>Sonosss</span> <span class='ocrx_word' id='word_1_68' title='bbox 562 1589 642 1665; x_wconf 82' lang='lat' dir='ltr'>leges</span> <span class='ocrx_word' id='word_1_69' title='bbox 673 1590 818 1659; x_wconf 85' lang='lat' dir='ltr'>tenuisse,</span> <span class='ocrx_word' id='word_1_70' title='bbox 845 1588 934 1646; x_wconf 76' lang='lat' dir='ltr'>hacce</span> <span class='ocrx_word' id='word_1_71' title='bbox 958 1589 989 1645; x_wconf 91' lang='lat' dir='ltr'>in</span> <span class='ocrx_word' id='word_1_72' title='bbox 1013 1588 1155 1648; x_wconf 79' lang='lat' dir='ltr'>Oratione</span> 
     </span>
     <span class='ocr_line' id='line_1_11' title="bbox 185 1691 1157 1771; baseline 0.001 -23"><span class='ocrx_word' id='word_1_73' title='bbox 185 1691 348 1760; x_wconf 63' lang='lat' dir='ltr'>insonitum</span> <span class='ocrx_word' id='word_1_74' title='bbox 371 1692 423 1750; x_wconf 88' lang='lat' dir='ltr'>sed</span> <span class='ocrx_word' id='word_1_75' title='bbox 438 1705 537 1750; x_wconf 82' lang='lat' dir='ltr'>contre</span> <span class='ocrx_word' id='word_1_76' title='bbox 549 1693 665 1750; x_wconf 77' lang='lat' dir='ltr'>discitis</span> <span class='ocrx_word' id='word_1_77' title='bbox 680 1692 779 1750; x_wconf 83' lang='lat' dir='ltr'>verbis</span> <span class='ocrx_word' id='word_1_78' title='bbox 796 1712 862 1751; x_wconf 90' lang='lat' dir='ltr'>eum</span> <span class='ocrx_word' id='word_1_79' title='bbox 873 1693 929 1751; x_wconf 90' lang='lat' dir='ltr'>sub</span> <span class='ocrx_word' id='word_1_80' title='bbox 937 1692 1042 1751; x_wconf 86' lang='lat' dir='ltr'>horum</span> <span class='ocrx_word' id='word_1_81' title='bbox 1057 1693 1157 1771; x_wconf 82' lang='lat' dir='ltr'>impe·</span> 
     </span>
     <span class='ocr_line' id='line_1_12' title="bbox 187 1793 1155 1873; baseline 0.003 -21"><span class='ocrx_word' id='word_1_82' title='bbox 187 1794 232 1852; x_wconf 88' lang='lat' dir='ltr'>rio</span> <span class='ocrx_word' id='word_1_83' title='bbox 254 1793 356 1871; x_wconf 63' lang='lat'><strong>(51⁵)</strong></span> <span class='ocrx_word' id='word_1_84' title='bbox 387 1797 560 1873; x_wconf 76' lang='lat' dir='ltr'>emigrasse,</span> <span class='ocrx_word' id='word_1_85' title='bbox 581 1809 742 1873; x_wconf 76' lang='lat' dir='ltr'>posteaque</span> <span class='ocrx_word' id='word_1_86' title='bbox 767 1817 907 1854; x_wconf 87' lang='lat' dir='ltr'>unacum</span> <span class='ocrx_word' id='word_1_87' title='bbox 924 1796 1042 1871; x_wconf 84' lang='lat' dir='ltr'>reliquie</span> <span class='ocrx_word' id='word_1_88' title='bbox 1067 1815 1155 1855; x_wconf 77' lang='lat' dir='ltr'>exsu-</span> 
     </span>
     <span class='ocr_line' id='line_1_13' title="bbox 186 1897 1155 1975; baseline 0 -19"><span class='ocrx_word' id='word_1_89' title='bbox 186 1897 265 1956; x_wconf 87' lang='lat' dir='ltr'>libus</span> <span class='ocrx_word' id='word_1_90' title='bbox 274 1898 319 1975; x_wconf 84' lang='lat'>(5.</span> <span class='ocrx_word' id='word_1_91' title='bbox 333 1897 384 1971; x_wconf 80' lang='lat'>16)</span> <span class='ocrx_word' id='word_1_92' title='bbox 394 1899 531 1969; x_wconf 86' lang='lat' dir='ltr'>rediisse,</span> <span class='ocrx_word' id='word_1_93' title='bbox 552 1911 777 1958; x_wconf 83' lang='lat' dir='ltr'>aetortestatur.</span> <span class='ocrx_word' id='word_1_94' title='bbox 795 1899 899 1959; x_wconf 87' lang='lat' dir='ltr'>Omnia</span> <span class='ocrx_word' id='word_1_95' title='bbox 914 1910 1015 1957; x_wconf 85' lang='lat' dir='ltr'>autem</span> <span class='ocrx_word' id='word_1_96' title='bbox 1030 1899 1155 1973; x_wconf 86' lang='lat' dir='ltr'>seelera,</span> 
     </span>
     <span class='ocr_line' id='line_1_14' title="bbox 189 2000 1156 2082; baseline 0.004 -24"><span class='ocrx_word' id='word_1_97' title='bbox 189 2020 263 2077; x_wconf 83' lang='lat' dir='ltr'>quse</span> <span class='ocrx_word' id='word_1_98' title='bbox 278 2000 326 2058; x_wconf 91' lang='lat' dir='ltr'>illo</span> <span class='ocrx_word' id='word_1_99' title='bbox 344 2001 462 2061; x_wconf 81' lang='lat' dir='ltr'>functus</span> <span class='ocrx_word' id='word_1_100' title='bbox 475 2023 594 2061; x_wconf 86' lang='lat' dir='ltr'>munere</span> <span class='ocrx_word' id='word_1_101' title='bbox 608 2015 845 2082; x_wconf 83' lang='lat' dir='ltr'>perpetraverat,</span> <span class='ocrx_word' id='word_1_102' title='bbox 862 2004 949 2062; x_wconf 89' lang='lat' dir='ltr'>modo</span> <span class='ocrx_word' id='word_1_103' title='bbox 963 2004 1059 2061; x_wconf 89' lang='lat' dir='ltr'>obiter</span> <span class='ocrx_word' id='word_1_104' title='bbox 1073 2013 1156 2062; x_wconf 83' lang='lat' dir='ltr'>actos</span> 
     </span>
     <span class='ocr_line' id='line_1_15' title="bbox 187 2106 1154 2182; baseline 0.002 -18"><span class='ocrx_word' id='word_1_105' title='bbox 187 2106 310 2182; x_wconf 77' lang='lat' dir='ltr'>attigit,</span> <span class='ocrx_word' id='word_1_106' title='bbox 338 2117 371 2163; x_wconf 86' lang='lat' dir='ltr'>ut</span> <span class='ocrx_word' id='word_1_107' title='bbox 394 2125 478 2165; x_wconf 86' lang='lat' dir='ltr'>reum</span> <span class='ocrx_word' id='word_1_108' title='bbox 502 2108 594 2166; x_wconf 87' lang='lat' dir='ltr'>maius</span> <span class='ocrx_word' id='word_1_109' title='bbox 623 2109 655 2165; x_wconf 92' lang='lat' dir='ltr'>in</span> <span class='ocrx_word' id='word_1_110' title='bbox 684 2109 786 2166; x_wconf 89' lang='lat' dir='ltr'>odium</span> <span class='ocrx_word' id='word_1_111' title='bbox 816 2108 946 2167; x_wconf 89' lang='lat' dir='ltr'>iudicum</span> <span class='ocrx_word' id='word_1_112' title='bbox 977 2107 1154 2180; x_wconf 87' lang='lat' dir='ltr'>adduceret,</span> 
     </span>
     <span class='ocr_line' id='line_1_16' title="bbox 189 2210 1156 2289; baseline 0.001 -22"><span class='ocrx_word' id='word_1_113' title='bbox 189 2210 270 2286; x_wconf 91' lang='lat' dir='ltr'>quod</span> <span class='ocrx_word' id='word_1_114' title='bbox 287 2210 441 2268; x_wconf 89' lang='lat' dir='ltr'>consilium</span> <span class='ocrx_word' id='word_1_115' title='bbox 456 2212 521 2289; x_wconf 86' lang='lat' dir='ltr'>ipse</span> <span class='ocrx_word' id='word_1_116' title='bbox 540 2212 571 2269; x_wconf 89' lang='lat' dir='ltr'>in</span> <span class='ocrx_word' id='word_1_117' title='bbox 584 2212 730 2271; x_wconf 85' lang='lat' dir='ltr'>Orationis</span> <span class='ocrx_word' id='word_1_118' title='bbox 748 2213 831 2270; x_wconf 90' lang='lat' dir='ltr'>initio</span> <span class='ocrx_word' id='word_1_119' title='bbox 847 2212 893 2271; x_wconf 87' lang='lat' dir='ltr'>his</span> <span class='ocrx_word' id='word_1_120' title='bbox 907 2211 1008 2270; x_wconf 83' lang='lat' dir='ltr'>verbis</span> <span class='ocrx_word' id='word_1_121' title='bbox 1030 2210 1156 2289; x_wconf 88' lang='lat' dir='ltr'>prolite-</span> 
     </span>
     <span class='ocr_line' id='line_1_17' title="bbox 188 2314 1155 2395; baseline 0.003 -24"><span class='ocrx_word' id='word_1_122' title='bbox 188 2327 253 2371; x_wconf 76' lang='lat' dir='ltr'>turr</span> <span class='ocrx_word' id='word_1_123' title='bbox 279 2314 381 2385; x_wconf 75' lang='lat' dir='ltr'>irretiri</span> <span class='ocrx_word' id='word_1_124' title='bbox 405 2320 503 2373; x_wconf 75' lang='grc' dir='ltr'><em>τοίνυν</em></span> <span class='ocrx_word' id='word_1_125' title='bbox 528 2321 578 2374; x_wconf 76' lang='lat' dir='ltr'>net</span> <span class='ocrx_word' id='word_1_126' title='bbox 604 2319 661 2374; x_wconf 82' lang='grc' dir='ltr'>τῶν</span> <span class='ocrx_word' id='word_1_127' title='bbox 687 2317 926 2395; x_wconf 72' lang='grc' dir='ltr'><em>ἀπολογουμένων</em></span> <span class='ocrx_word' id='word_1_128' title='bbox 953 2315 1155 2387; x_wconf 72' lang='grc' dir='ltr'>ἀποδέχεσθε,</span> 
     </span>
     <span class='ocr_line' id='line_1_18' title="bbox 188 2415 1154 2496; baseline 0.003 -23"><span class='ocrx_word' id='word_1_129' title='bbox 188 2415 241 2474; x_wconf 72' lang='lat' dir='ltr'>dois</span> <span class='ocrx_word' id='word_1_130' title='bbox 262 2440 294 2475; x_wconf 78' lang='grc' dir='ltr'>τι</span> <span class='ocrx_word' id='word_1_131' title='bbox 317 2417 432 2496; x_wconf 73' lang='grc' dir='ltr'><em>ἀγαθὸν</em></span> <span class='ocrx_word' id='word_1_132' title='bbox 455 2425 617 2492; x_wconf 71' lang='grc' dir='ltr'><em>φαίνωνται</em></span> <span class='ocrx_word' id='word_1_133' title='bbox 640 2422 692 2492; x_wconf 71' lang='grc' dir='ltr'>τήν</span> <span class='ocrx_word' id='word_1_134' title='bbox 722 2424 812 2478; x_wconf 77' lang='grc' dir='ltr'><em>πόλιν</em></span> <span class='ocrx_word' id='word_1_135' title='bbox 834 2421 1042 2492; x_wconf 71' lang='grc' dir='ltr'>πεποιηκότος,</span> <span class='ocrx_word' id='word_1_136' title='bbox 1071 2419 1154 2484; x_wconf 76' lang='grc' dir='ltr'><em>ἀξιον</em></span> 
     </span>
     <span class='ocr_line' id='line_1_19' title="bbox 188 2523 1155 2603; baseline 0.005 -25"><span class='ocrx_word' id='word_1_137' title='bbox 188 2526 238 2579; x_wconf 76' lang='lat' dir='ltr'>sol</span> <span class='ocrx_word' id='word_1_138' title='bbox 262 2523 320 2579; x_wconf 84' lang='grc' dir='ltr'>τῶν</span> <span class='ocrx_word' id='word_1_139' title='bbox 346 2526 511 2603; x_wconf 72' lang='grc' dir='ltr'><em>κατηγόρων</em></span> <span class='ocrx_word' id='word_1_140' title='bbox 537 2523 611 2597; x_wconf 80' lang='grc' dir='ltr'><em>ὑμᾶς</em></span> <span class='ocrx_word' id='word_1_141' title='bbox 636 2523 859 2601; x_wconf 69' lang='grc' dir='ltr'><em>ἀκροάσασθαι,</em></span> <span class='ocrx_word' id='word_1_142' title='bbox 890 2523 942 2581; x_wconf 76' lang='grc' dir='ltr'>ἐὰν</span> <span class='ocrx_word' id='word_1_143' title='bbox 967 2523 1155 2595; x_wconf 72' lang='grc' dir='ltr'>ἀποφαίνωσι</span> 
     </span>
     <span class='ocr_line' id='line_1_20' title="bbox 189 2628 1151 2706; baseline 0 -20"><span class='ocrx_word' id='word_1_144' title='bbox 189 2629 260 2691; x_wconf 71' lang='grc' dir='ltr'>τούς</span> <span class='ocrx_word' id='word_1_145' title='bbox 273 2630 434 2706; x_wconf 68' lang='grc' dir='ltr'><em>φεύγοντος</em></span> <span class='ocrx_word' id='word_1_146' title='bbox 459 2629 551 2686; x_wconf 73' lang='grc' dir='ltr'><em>πάλον</em></span> <span class='ocrx_word' id='word_1_147' title='bbox 573 2633 719 2705; x_wconf 68' lang='grc' dir='ltr'><em>πονηρούς</em></span> <span class='ocrx_word' id='word_1_148' title='bbox 744 2629 842 2694; x_wconf 77' lang='grc' dir='ltr'><em>ὄντος.</em></span> <span class='ocrx_word' id='word_1_149' title='bbox 891 2628 1001 2686; x_wconf 83' lang='lat' dir='ltr'>Eadem</span> <span class='ocrx_word' id='word_1_150' title='bbox 1021 2628 1151 2701; x_wconf 85' lang='lat' dir='ltr'>ratione,</span> 
     </span>
     <span class='ocr_line' id='line_1_21' title="bbox 187 2730 1153 2803; baseline 0.004 -17"><span class='ocrx_word' id='word_1_151' title='bbox 187 2741 221 2787; x_wconf 91' lang='lat' dir='ltr'>ut</span> <span class='ocrx_word' id='word_1_152' title='bbox 238 2730 369 2788; x_wconf 88' lang='lat' dir='ltr'>iudicum</span> <span class='ocrx_word' id='word_1_153' title='bbox 381 2731 493 2789; x_wconf 88' lang='lat' dir='ltr'>animos</span> <span class='ocrx_word' id='word_1_154' title='bbox 521 2732 705 2803; x_wconf 83' lang='lat' dir='ltr'>incenderet,</span> <span class='ocrx_word' id='word_1_155' title='bbox 724 2752 807 2789; x_wconf 89' lang='lat' dir='ltr'>reum</span> <span class='ocrx_word' id='word_1_156' title='bbox 826 2734 883 2788; x_wconf 87' lang='lat' dir='ltr'>iam</span> <span class='ocrx_word' id='word_1_157' title='bbox 899 2744 982 2788; x_wconf 89' lang='lat' dir='ltr'>antea</span> <span class='ocrx_word' id='word_1_158' title='bbox 1006 2733 1153 2791; x_wconf 77' lang='lat' dir='ltr'>civitatem</span> 
     </span>
     <span class='ocr_line' id='line_1_22' title="bbox 186 2833 1154 2910; baseline 0.006 -20"><span class='ocrx_word' id='word_1_159' title='bbox 186 2834 300 2910; x_wconf 82' lang='lat' dir='ltr'>magnis</span> <span class='ocrx_word' id='word_1_160' title='bbox 329 2835 440 2893; x_wconf 75' lang='lat' dir='ltr'>damms</span> <span class='ocrx_word' id='word_1_161' title='bbox 461 2836 592 2893; x_wconf 82' lang='lat' dir='ltr'>affecisse</span> <span class='ocrx_word' id='word_1_162' title='bbox 613 2835 681 2893; x_wconf 88' lang='lat' dir='ltr'>inde</span> <span class='ocrx_word' id='word_1_163' title='bbox 705 2857 722 2891; x_wconf 86' lang='lat' dir='ltr'>a</span> <span class='ocrx_word' id='word_1_164' title='bbox 747 2833 775 2910; x_wconf 94' lang='lat'>5.</span> <span class='ocrx_word' id='word_1_165' title='bbox 791 2833 901 2894; x_wconf 81' lang='lat'>9-15</span> <span class='ocrx_word' id='word_1_166' title='bbox 929 2839 1154 2896; x_wconf 67' lang='lat' dir='ltr'>ecmannum</span> 
     </span>
     <span class='ocr_line' id='line_1_23' title="bbox 187 2938 1154 3014; baseline 0.003 -20"><span class='ocrx_word' id='word_1_167' title='bbox 187 2938 335 2996; x_wconf 86' lang='lat' dir='ltr'>interlecti</span> <span class='ocrx_word' id='word_1_168' title='bbox 349 2952 498 2997; x_wconf 86' lang='lat' dir='ltr'>auctorem</span> <span class='ocrx_word' id='word_1_169' title='bbox 513 2939 602 2996; x_wconf 80' lang='lat' dir='ltr'>luisse</span> <span class='ocrx_word' id='word_1_170' title='bbox 624 2959 692 2996; x_wconf 88' lang='lat' dir='ltr'>eum</span> <span class='ocrx_word' id='word_1_171' title='bbox 708 2938 886 3014; x_wconf 79' lang='lat' dir='ltr'>exprobrat:</span> <span class='ocrx_word' id='word_1_172' title='bbox 914 2939 1154 2997; x_wconf 77' lang='lat' dir='ltr'>llosnecnsauss</span> 
     </span>
    </p>
   </div>
   <div class='ocr_carea' id='block_1_3' title="bbox 187 3038 1156 3534">
    <p class='ocr_par' dir='ltr' id='par_1_3' title="bbox 187 3038 1155 3222">
     <span class='ocr_line' id='line_1_24' title="bbox 187 3038 1154 3120; baseline -0.001 -20"><span class='ocrx_word' id='word_1_173' title='bbox 187 3042 264 3100; x_wconf 90' lang='lat' dir='ltr'>enim</span> <span class='ocrx_word' id='word_1_174' title='bbox 280 3041 329 3099; x_wconf 86' lang='lat' dir='ltr'>l.l.</span> <span class='ocrx_word' id='word_1_175' title='bbox 347 3060 418 3118; x_wconf 77' lang='lat' dir='ltr'>pag.</span> <span class='ocrx_word' id='word_1_176' title='bbox 435 3039 488 3097; x_wconf 76' lang='lat'>114</span> <span class='ocrx_word' id='word_1_177' title='bbox 503 3060 585 3097; x_wconf 86' lang='lat' dir='ltr'>reum</span> <span class='ocrx_word' id='word_1_178' title='bbox 598 3044 781 3103; x_wconf 68' lang='lat' dir='ltr'>accolimus</span> <span class='ocrx_word' id='word_1_179' title='bbox 796 3045 849 3096; x_wconf 81' lang='grc' dir='ltr'>τοῦ</span> <span class='ocrx_word' id='word_1_180' title='bbox 858 3038 950 3114; x_wconf 69' lang='grc' dir='ltr'><em>δέμον</em></span> <span class='ocrx_word' id='word_1_181' title='bbox 965 3041 1048 3117; x_wconf 75' lang='lat' dir='ltr'>argui</span> <span class='ocrx_word' id='word_1_182' title='bbox 1055 3043 1154 3120; x_wconf 86' lang='lat' dir='ltr'>suspi-</span> 
     </span>
     <span class='ocr_line' id='line_1_25' title="bbox 188 3143 1155 3222; baseline 0.002 -18"><span class='ocrx_word' id='word_1_183' title='bbox 188 3156 302 3216; x_wconf 85' lang='lat' dir='ltr'>catum,</span> <span class='ocrx_word' id='word_1_184' title='bbox 322 3144 381 3202; x_wconf 79' lang='lat' dir='ltr'>falli</span> <span class='ocrx_word' id='word_1_185' title='bbox 395 3161 434 3201; x_wconf 83' lang='lat' dir='ltr'>ex</span> <span class='ocrx_word' id='word_1_186' title='bbox 449 3144 555 3202; x_wconf 84' lang='lat' dir='ltr'>actoris</span> <span class='ocrx_word' id='word_1_187' title='bbox 569 3144 769 3222; x_wconf 86' lang='lat' dir='ltr'>ipsiusverbis</span> <span class='ocrx_word' id='word_1_188' title='bbox 780 3143 884 3220; x_wconf 75' lang='lat'><strong>(515)</strong></span> <span class='ocrx_word' id='word_1_189' title='bbox 901 3145 1092 3222; x_wconf 87' lang='lat' dir='ltr'>perspicuum</span> <span class='ocrx_word' id='word_1_190' title='bbox 1100 3156 1155 3207; x_wconf 84' lang='lat' dir='ltr'>est.</span> 
     </span>
    </p>

    <p class='ocr_par' dir='ltr' id='par_1_4' title="bbox 187 3247 1156 3534">
     <span class='ocr_line' id='line_1_26' title="bbox 225 3247 1154 3327; baseline -0.001 -19"><span class='ocrx_word' id='word_1_191' title='bbox 225 3250 308 3308; x_wconf 83' lang='lat' dir='ltr'>Hanc</span> <span class='ocrx_word' id='word_1_192' title='bbox 322 3250 411 3327; x_wconf 82' lang='lat' dir='ltr'>igitur</span> <span class='ocrx_word' id='word_1_193' title='bbox 424 3249 593 3308; x_wconf 86' lang='lat' dir='ltr'>Orationem</span> <span class='ocrx_word' id='word_1_194' title='bbox 609 3260 680 3325; x_wconf 91' lang='lat' dir='ltr'>post</span> <span class='ocrx_word' id='word_1_195' title='bbox 700 3254 865 3305; x_wconf 78' lang='lat' dir='ltr'>restitutam</span> <span class='ocrx_word' id='word_1_196' title='bbox 887 3247 1051 3305; x_wconf 88' lang='lat' dir='ltr'>libertatem</span> <span class='ocrx_word' id='word_1_197' title='bbox 1067 3248 1154 3307; x_wconf 72' lang='lat' dir='ltr'>habi·</span> 
     </span>
     <span class='ocr_line' id='line_1_27' title="bbox 187 3351 1155 3432; baseline -0.002 -19"><span class='ocrx_word' id='word_1_198' title='bbox 187 3364 246 3413; x_wconf 88' lang='lat' dir='ltr'>tarn</span> <span class='ocrx_word' id='word_1_199' title='bbox 263 3373 327 3411; x_wconf 88' lang='lat' dir='ltr'>esse</span> <span class='ocrx_word' id='word_1_200' title='bbox 345 3355 370 3412; x_wconf 89' lang='lat' dir='ltr'>si</span> <span class='ocrx_word' id='word_1_201' title='bbox 386 3353 569 3432; x_wconf 83' lang='lat' dir='ltr'>probavero,</span> <span class='ocrx_word' id='word_1_202' title='bbox 598 3355 677 3430; x_wconf 88' lang='lat' dir='ltr'>quod</span> <span class='ocrx_word' id='word_1_203' title='bbox 693 3351 808 3410; x_wconf 89' lang='lat' dir='ltr'>difficile</span> <span class='ocrx_word' id='word_1_204' title='bbox 833 3369 900 3408; x_wconf 89' lang='lat' dir='ltr'>sane</span> <span class='ocrx_word' id='word_1_205' title='bbox 917 3353 1062 3418; x_wconf 83' lang='lat' dir='ltr'>nouerit,</span> <span class='ocrx_word' id='word_1_206' title='bbox 1082 3372 1155 3430; x_wconf 86' lang='lat' dir='ltr'>pro-</span> 
     </span>
     <span class='ocr_line' id='line_1_28' title="bbox 187 3454 1156 3534; baseline 0.001 -21"><span class='ocrx_word' id='word_1_207' title='bbox 187 3458 297 3534; x_wconf 89' lang='lat' dir='ltr'>posito,</span> <span class='ocrx_word' id='word_1_208' title='bbox 321 3468 353 3514; x_wconf 88' lang='lat' dir='ltr'>ut</span> <span class='ocrx_word' id='word_1_209' title='bbox 365 3458 610 3529; x_wconf 86' lang='lat' dir='ltr'>demonstrarem,</span> <span class='ocrx_word' id='word_1_210' title='bbox 630 3454 1156 3514; x_wconf 80' lang='lat' dir='ltr'>bisNrcosrscnomeodemlunctum</span> 
     </span>
    </p>
   </div>
   <div class='ocr_carea' id='block_1_4' title="bbox 187 3557 1154 4261">
    <p class='ocr_par' dir='ltr' id='par_1_5' title="bbox 187 3557 850 3628">
     <span class='ocr_line' id='line_1_29' title="bbox 187 3557 850 3628; baseline -0.005 -10"><span class='ocrx_word' id='word_1_211' title='bbox 187 3559 278 3618; x_wconf 85' lang='lat' dir='ltr'>luisse</span> <span class='ocrx_word' id='word_1_212' title='bbox 300 3581 434 3628; x_wconf 89' lang='lat' dir='ltr'>munere,</span> <span class='ocrx_word' id='word_1_213' title='bbox 456 3561 633 3621; x_wconf 72' lang='lat' dir='ltr'>satisfecisse</span> <span class='ocrx_word' id='word_1_214' title='bbox 650 3558 718 3615; x_wconf 87' lang='lat' dir='ltr'>mihi</span> <span class='ocrx_word' id='word_1_215' title='bbox 737 3557 850 3616; x_wconf 83' lang='lat' dir='ltr'>videor.</span> 
     </span>
    </p>

    <p class='ocr_par' dir='ltr' id='par_1_6' title="bbox 187 3660 1154 4261">
     <span class='ocr_line' id='line_1_30' title="bbox 226 3660 1151 3746; baseline 0.001 -24"><span class='ocrx_word' id='word_1_216' title='bbox 226 3663 369 3736; x_wconf 87' lang='lat' dir='ltr'>Primum,</span> <span class='ocrx_word' id='word_1_217' title='bbox 391 3677 525 3746; x_wconf 87' lang='lat' dir='ltr'>utsupra</span> <span class='ocrx_word' id='word_1_218' title='bbox 541 3666 617 3734; x_wconf 86' lang='lat' dir='ltr'>dixi,</span> <span class='ocrx_word' id='word_1_219' title='bbox 634 3682 717 3720; x_wconf 90' lang='lat' dir='ltr'>reum</span> <span class='ocrx_word' id='word_1_220' title='bbox 729 3661 786 3719; x_wconf 90' lang='lat' dir='ltr'>sub</span> <span class='ocrx_word' id='word_1_221' title='bbox 803 3660 1006 3736; x_wconf 80' lang='lat' dir='ltr'>triginta-viris</span> <span class='ocrx_word' id='word_1_222' title='bbox 1023 3661 1151 3723; x_wconf 85' lang='lat' dir='ltr'>exsulem</span> 
     </span>
     <span class='ocr_line' id='line_1_31' title="bbox 189 3764 1154 3844; baseline -0.003 -16"><span class='ocrx_word' id='word_1_223' title='bbox 189 3769 278 3829; x_wconf 78' lang='lat' dir='ltr'>luisse</span> <span class='ocrx_word' id='word_1_224' title='bbox 287 3780 427 3827; x_wconf 87' lang='lat' dir='ltr'>memorat</span> <span class='ocrx_word' id='word_1_225' title='bbox 440 3781 533 3827; x_wconf 88' lang='lat' dir='ltr'>actor.</span> <span class='ocrx_word' id='word_1_226' title='bbox 560 3770 712 3825; x_wconf 80' lang='lat' dir='ltr'>Praeterea</span> <span class='ocrx_word' id='word_1_227' title='bbox 728 3765 799 3823; x_wconf 87' lang='lat' dir='ltr'>dicit</span> <span class='ocrx_word' id='word_1_228' title='bbox 813 3764 839 3842; x_wconf 91' lang='lat'>5.</span> <span class='ocrx_word' id='word_1_229' title='bbox 848 3764 887 3822; x_wconf 82' lang='lat'>22</span> <span class='ocrx_word' id='word_1_230' title='bbox 902 3768 950 3822; x_wconf 74' lang='lat' dir='ltr'>nst</span> <span class='ocrx_word' id='word_1_231' title='bbox 967 3770 1061 3823; x_wconf 80' lang='grc' dir='ltr'><strong><em>ταῦτα</em></strong></span> <span class='ocrx_word' id='word_1_232' title='bbox 1076 3767 1154 3844; x_wconf 74' lang='grc' dir='ltr'>ὁρῶν</span> 
     </span>
     <span class='ocr_line' id='line_1_32' title="bbox 187 3869 1153 3950; baseline -0.006 -18"><span class='ocrx_word' id='word_1_233' title='bbox 187 3875 283 3945; x_wconf 70' lang='grc' dir='ltr'><em>αὐτήν</em></span> <span class='ocrx_word' id='word_1_234' title='bbox 298 3873 365 3946; x_wconf 80' lang='grc' dir='ltr'>(τήν</span> <span class='ocrx_word' id='word_1_235' title='bbox 378 3875 481 3949; x_wconf 74' lang='grc' dir='ltr'><em>πόλιν)</em></span> <span class='ocrx_word' id='word_1_236' title='bbox 500 3874 667 3950; x_wconf 77' lang='grc' dir='ltr'><em>ἀποροῦσαν</em></span> <span class='ocrx_word' id='word_1_237' title='bbox 676 3871 829 3946; x_wconf 76' lang='grc' dir='ltr'>χρημάτων</span> <span class='ocrx_word' id='word_1_238' title='bbox 846 3874 895 3925; x_wconf 77' lang='lat' dir='ltr'>aei</span> <span class='ocrx_word' id='word_1_239' title='bbox 903 3869 1153 3944; x_wconf 72' lang='grc' dir='ltr'><em>Λακεδαιμονίους</em></span> 
     </span>
     <span class='ocr_line' id='line_1_33' title="bbox 189 3975 1151 4053; baseline -0.003 -18"><span class='ocrx_word' id='word_1_240' title='bbox 189 3977 241 4053; x_wconf 80' lang='grc' dir='ltr'>μὲν</span> <span class='ocrx_word' id='word_1_241' title='bbox 260 3978 466 4041; x_wconf 80' lang='grc' dir='ltr'><em>ἀπειλοῦντος,</em></span> <span class='ocrx_word' id='word_1_242' title='bbox 489 3981 559 4036; x_wconf 80' lang='grc' dir='ltr'><em>ὅταν</em></span> <span class='ocrx_word' id='word_1_243' title='bbox 574 3981 613 4053; x_wconf 74' lang='grc' dir='ltr'><em>μή</em></span> <span class='ocrx_word' id='word_1_244' title='bbox 627 3976 840 4049; x_wconf 76' lang='grc' dir='ltr'><em>ἀποπέμψωμεν</em></span> <span class='ocrx_word' id='word_1_245' title='bbox 856 3977 959 4039; x_wconf 80' lang='grc' dir='ltr'><em>αὐτοῖς</em></span> <span class='ocrx_word' id='word_1_246' title='bbox 969 3978 1004 4031; x_wconf 84' lang='grc' dir='ltr'>τὰ</span> <span class='ocrx_word' id='word_1_247' title='bbox 1018 3975 1151 4052; x_wconf 73' lang='grc' dir='ltr'><em>χρήματα</em></span> 
     </span>
     <span class='ocr_line' id='line_1_34' title="bbox 190 4078 1151 4157; baseline 0.001 -23"><span class='ocrx_word' id='word_1_248' title='bbox 190 4102 219 4137; x_wconf 82' lang='grc' dir='ltr'>ν.</span> <span class='ocrx_word' id='word_1_249' title='bbox 241 4102 268 4136; x_wconf 85' lang='grc' dir='ltr'>τ.</span> <span class='ocrx_word' id='word_1_250' title='bbox 285 4083 313 4136; x_wconf 81' lang='grc' dir='ltr'>λ.</span> <span class='ocrx_word' id='word_1_251' title='bbox 333 4101 405 4157; x_wconf 87' lang='lat' dir='ltr'>quae</span> <span class='ocrx_word' id='word_1_252' title='bbox 422 4082 528 4153; x_wconf 80' lang='lat' dir='ltr'>verba,</span> <span class='ocrx_word' id='word_1_253' title='bbox 549 4094 581 4140; x_wconf 89' lang='lat' dir='ltr'>ut</span> <span class='ocrx_word' id='word_1_254' title='bbox 605 4083 680 4139; x_wconf 80' lang='lat' dir='ltr'>inira</span> <span class='ocrx_word' id='word_1_255' title='bbox 703 4080 735 4136; x_wconf 88' lang='lat' dir='ltr'>in</span> <span class='ocrx_word' id='word_1_256' title='bbox 752 4101 821 4137; x_wconf 88' lang='lat' dir='ltr'>ann.</span> <span class='ocrx_word' id='word_1_257' title='bbox 843 4080 881 4136; x_wconf 88' lang='lat' dir='ltr'>ad</span> <span class='ocrx_word' id='word_1_258' title='bbox 899 4078 929 4136; x_wconf 88' lang='lat' dir='ltr'>h.</span> <span class='ocrx_word' id='word_1_259' title='bbox 946 4080 966 4136; x_wconf 91' lang='lat' dir='ltr'>l.</span> <span class='ocrx_word' id='word_1_260' title='bbox 984 4079 1151 4152; x_wconf 84' lang='lat' dir='ltr'>ostendam,</span> 
     </span>
     <span class='ocr_line' id='line_1_35' title="bbox 189 4182 1151 4261; baseline 0 -20"><span class='ocrx_word' id='word_1_261' title='bbox 189 4199 279 4261; x_wconf 83' lang='lat' dir='ltr'>agunt</span> <span class='ocrx_word' id='word_1_262' title='bbox 295 4190 332 4245; x_wconf 89' lang='lat' dir='ltr'>de</span> <span class='ocrx_word' id='word_1_263' title='bbox 357 4198 470 4246; x_wconf 87' lang='lat' dir='ltr'>centum</span> <span class='ocrx_word' id='word_1_264' title='bbox 487 4185 540 4243; x_wconf 88' lang='lat' dir='ltr'>illis</span> <span class='ocrx_word' id='word_1_265' title='bbox 561 4185 676 4244; x_wconf 87' lang='lat' dir='ltr'>talentis</span> <span class='ocrx_word' id='word_1_266' title='bbox 693 4183 898 4261; x_wconf 77' lang='lat' dir='ltr'>triginta-viris</span> <span class='ocrx_word' id='word_1_267' title='bbox 919 4203 935 4239; x_wconf 87' lang='lat' dir='ltr'>a</span> <span class='ocrx_word' id='word_1_268' title='bbox 954 4182 1151 4251; x_wconf 74' lang='lat' dir='ltr'>Lacedaemo-¹</span> 
     </span>
    </p>
   </div>
   <div class='ocr_carea' id='block_1_5' title="bbox 976 4287 995 4344">
    <p class='ocr_par' dir='ltr' id='par_1_7' title="bbox 976 4287 995 4344">
     <span class='ocr_line' id='line_1_36' title="bbox 976 4287 995 4344; baseline 0 0"><span class='ocrx_word' id='word_1_269' title='bbox 976 4287 995 4344; x_wconf 78' lang='lat'><strong>4</strong></span> 
     </span>
    </p>
   </div>
   <div class='ocr_carea' id='block_1_6' title="bbox 0 0 1488 5092">
    <p class='ocr_par' dir='ltr' id='par_1_8' title="bbox 0 0 1488 5092">
     <span class='ocr_line' id='line_1_37' title="bbox 0 0 1488 5092; baseline 0 0"><span class='ocrx_word' id='word_1_270' title='bbox 0 0 1488 5092; x_wconf 95' lang='lat' dir='ltr'> </span> 
     </span>
    </p>
   </div>
  </div>
 </body>
</html>
