2967 5092
800 502 845 568 58

346 688 527 767 terpretatio.
565 685 691 742 Poimum
705 696 803 742 autom
819 685 882 762 ipsa
899 684 1019 740 Lrstae
1034 683 1323 756 adtendamus'ver·

348 791 399 865 ba.
436 791 494 848 Pro
509 790 606 847 ὅπλων
621 789 668 846 vel
682 789 816 854 εὔπλων,
836 789 916 864 quod
929 787 1010 846 MSS.
1030 787 1155 858 hubent,
1177 791 1319 846 Turno-

344 913 405 967 nos
427 895 542 966 στηλῶν
564 893 746 962 emendavit,
767 913 856 969 quam
878 893 1109 951 emendationem
1133 896 1322 954 recentiores

346 1005 471 1061 tuum
496 997 622 1056 editores
645 1017 745 1055 omnes
769 998 801 1054 in
822 1009 934 1057 textum
955 1009 1148 1075 receperunt:
1168 997 1249 1074 quod
1265 1009 1321 1055 ta-

345 1125 413 1165 men
435 1104 545 1162 sactum
568 1102 694 1160 nollem:
716 1105 823 1172 στῆλαι
849 1101 926 1159 enirn
948 1100 1064 1158 tabulae
1081 1120 1098 1155 a
1112 1099 1323 1165 ‚Nicomeuo

346 1209 525 1288 compositae
540 1217 701 1275 vocantur,
721 1204 896 1281 disertisque
916 1204 1015 1274 verbis
1032 1203 1059 1280 ξ.
1074 1203 1111 1262 21
1137 1225 1218 1264 sacra
1237 1207 1321 1277 aar&

346 1319 398 1385 ςᾴς
423 1314 586 1391 συγγραφὰς
608 1321 799 1388 opponuntur
820 1309 895 1381 illis,
923 1327 996 1385 quae
1018 1310 1091 1366 κατὰ
1116 1311 1167 1373 cdo
1186 1310 1320 1381 στήλας,

342 1407 482 1485 domitor
497 1415 656 1493 ἀνέγραψε,
674 1413 908 1479 celebrabantur.
945 1413 1031 1472 Nullo
1045 1414 1133 1489 igitur
1142 1413 1230 1472 modo
1246 1413 1320 1472 fieri

343 1532 459 1602 potest,
480 1531 515 1577 ut
528 1531 610 1576 actor
625 1516 664 1583 ὡς
676 1520 731 1594 χρὴ
745 1520 838 1576 θύειν
855 1520 905 1583 τὰς
921 1520 1032 1582 θυσίας
1052 1519 1104 1581 τὰς
1118 1514 1152 1574 ix
1166 1520 1224 1575 τῶν
1240 1524 1316 1598 κύρ·

343 1628 418 1705 βνων
435 1628 485 1684 nat
510 1626 569 1683 τῶν
592 1625 706 1695 στηλῶν
726 1624 798 1678 uoti
822 1624 873 1688 τὰς
893 1624 1056 1700 συγγραφὰς
1082 1624 1223 1691 sumserit,
1244 1642 1319 1683 nam

342 1733 443 1811 ipsum
454 1726 648 1791 accusationis
665 1738 754 1805 caput
767 1728 798 1784 in
810 1746 846 1783 eo
855 1728 996 1797 vertitur,
1018 1727 1098 1803 quod
1112 1749 1179 1786 reus
1193 1731 1224 1785 in
1236 1731 1324 1786 stelio

344 1839 409 1899 istis
434 1835 522 1894 muita
557 1831 698 1891 sacrificia
727 1832 875 1889 luxuriosa
898 1843 928 1887 et
950 1831 1046 1891 minus
1073 1833 1236 1890 necessaria
1258 1835 1324 1892 adp:

347 1942 522 2019 scripsisset.
567 1938 667 2012 Neque
696 1936 875 2011 reliquorum
896 1936 1034 1995 Virorum
1056 1938 1216 1994 Doctorum
1242 1959 1321 1996 con-

345 2045 473 2111 iecturae
489 2038 682 2098 admittendae
697 2040 851 2096 videnturz
871 2059 926 2097 neo
943 2041 1050 2097 Pomm
1067 2040 1145 2097 enim
1163 2041 1201 2097 ad
1215 2040 1317 2118 Legg.

347 2149 416 2208 Ate.
434 2147 454 2203 l.
470 2148 497 2203 Ι.
516 2144 561 2202 tit.
578 2146 603 2202 l.
622 2165 655 2222 p.
670 2142 708 2201 74
725 2137 760 2200 εὖ
780 2145 900 2212 πλείων,
920 2163 1016 2219 neque
1033 2146 1153 2203 Pium
1166 2146 1316 2214 εὐτελῶν,

346 2272 403 2312 noc
422 2251 554 2311 smus,
573 2245 603 2312 ἐς
627 2249 718 2304 πλείω
743 2246 831 2306 ulium
854 2260 970 2305 sensum
993 2248 1153 2326 praebent:
1182 2250 1320 2327 displicet

347 2358 434 2414 etiam
450 2356 652 2410 Mundum
670 2351 868 2424 Εὐμολπιδῶν
893 2363 924 2408 et
940 2354 1064 2411 Donnes
1085 2353 1117 2411 in
1129 2353 1253 2413 Δάνην.
1275 2355 1320 2415 ad

347 2461 382 2521 h.
400 2461 421 2518 l.
441 2459 568 2533 βίβλωνι
589 2488 629 2503 -
645 2454 703 2515 loci
719 2457 879 2517 Douossn.
887 2477 949 2533 pro
979 2460 1086 2517 Ceron.
1105 2481 1136 2535 p.
1150 2456 1206 2516 313
1230 2460 1318 2517 etde

350 2565 391 2625 F.
409 2565 447 2623 L.
466 2586 498 2640 p.
513 2560 571 2622 408
587 2561 625 2617 ad
649 2560 785 2636 mysteria
799 2560 963 2636 pertinent,
985 2581 1109 2636 quorum
1123 2562 1320 2621 celebrando-

350 2688 415 2727 rum
423 2668 496 2724 ritus
513 2665 629 2740 βιβλοϊς
646 2664 701 2721 illis
720 2663 946 2742 comprehensos
957 2664 1048 2722 fuisse
1056 2685 1116 2722 non
1129 2667 1319 2744 inprobabilo

349 2773 467 2830 videtur
484 2795 540 2828 -.
576 2768 703 2825 Reiectis
718 2768 805 2844 igitur
822 2767 946 2826 aliorum
958 2767 1131 2827 coniecturis
1144 2789 1199 2845 pro
1216 2771 1318 2827 ὅπλων

351 2875 507 2953 legendum
531 2884 605 2951 puto
629 2875 726 2948 νόμων
732 2897 742 2940 3
765 2892 838 2949 quae
860 2873 987 2931 violenta
1009 2883 1089 2929 certe
1111 2886 1232 2932 nonest
1249 2895 1318 2933 mu·

350 2979 438 3036 tatio:
458 2978 528 3035 nibil
542 2996 611 3036 sane
622 2976 735 3034 facilius
754 2997 840 3052 quam
850 2983 887 3035 M
893 3021 901 3048 ,
922 2977 1001 3037 utin
1018 2976 1099 3036 MSS.
1114 2977 1268 3049 scribitur,
1281 2979 1320 3041 in

348 3088 406 3143 ΠΛ
427 3084 563 3154 mutatio,
593 3094 623 3140 et
643 3089 675 3138 Ν
688 3092 811 3160 propter
832 3080 962 3139 ultimam
985 3083 1097 3140 literam
1118 3083 1319 3141 antecedentis

351 3188 410 3244 τῶν
434 3188 587 3244 absorberi
605 3187 688 3243 facile
713 3186 823 3262 potuit.
859 3185 994 3243 Secundo
1017 3188 1082 3245 loco
1107 3186 1216 3245 locutio
1241 3188 1316 3242 nord

349 3290 401 3359 τᾲς
419 3292 581 3368 συγγραφὰς
608 3288 863 3346 animadvertenda
885 3301 946 3345 est:
981 3292 1127 3369 συγγραφή
1150 3300 1319 3347 contractus

348 3394 424 3451 iuter
454 3395 528 3451 duos
553 3394 709 3470 pluresque
735 3392 771 3447 de
796 3413 978 3468 quacumque
1008 3414 1039 3448 re
1062 3392 1227 3466 significat,
1251 3395 1315 3451 vid·

349 3500 479 3556 Rmsrsu
494 3497 590 3561 Index
605 3498 806 3556 ochmosth.
831 3500 862 3554 in
883 3517 967 3554 voce.
1006 3496 1116 3552 Eodem
1139 3497 1226 3553 modo
1249 3498 1314 3555 soe-

348 3604 404 3679 dus
424 3605 500 3660 inter
522 3603 678 3674 civitates,
710 3614 742 3658 ut
769 3602 849 3678 apud
870 3600 971 3655 Tmto.
995 3599 1032 3656 V.
1050 3596 1108 3659 35:
1135 3604 1260 3676 χρόνους
1281 3623 1312 3658 ce

347 3708 515 3785 προῦθνντο
532 3708 599 3764 ἄνευ
619 3710 794 3785 ξυγγραφῆς,
815 3705 846 3762 ἒν
872 3696 916 3768 οἷς
938 3706 1011 3778 χρῆν
1028 3706 1100 3768 τούς
1115 3708 1155 3779 μή
1175 3706 1316 3771 isodorus·

349 3810 527 3886 ἀμφοτέρους
549 3814 703 3885 πολεμίους
722 3806 817 3880 εἶναι,
839 3810 891 3866 ubi
911 3817 989 3864 recte
1011 3809 1309 3879 Annonnos‘vertitr

345 3916 462 3973 without
483 3934 502 3969 a
526 3914 634 3970 written
663 3921 834 3990 agreement.
871 3913 990 3989 Semper
1017 3913 1095 3970 enim
1110 3914 1255 3991 συγγραφή
1273 3900 1318 3968 de¹

348 4019 457 4099 scripto
474 4029 624 4074 contractu
645 4031 819 4095 usurpatur:
852 4036 938 4092 quam
959 4016 1198 4092 significationem
1224 4017 1249 4073 si
1264 4016 1313 4072 bie

345 4123 538 4197 admittimus,
559 4132 640 4180 actor
658 4122 741 4178 dicit:
767 4123 851 4180 dccet
866 4141 946 4181 sacra
966 4122 1112 4183 celebrare
1129 4140 1145 4178 e
1165 4120 1310 4189 columnis
