2967 5092
784 566 826 632 10

321 770 425 829 magne
446 751 587 829 perseniae
611 750 708 827 inopie
732 751 936 828 premebatur,
955 752 995 807 ita
1015 762 1049 807 nt
1065 751 1288 811 Lacedaemonii

322 858 425 917 minas
436 857 592 924 instarent,
603 854 668 911 nisi
682 857 835 932 pecuniam
848 856 1066 933 Triginta-viris
1079 867 1179 912 mutuo
1193 856 1290 912 datum

327 962 382 1035 (cf.
398 961 479 1018 xrs.
498 958 631 1016 HeIMI.
648 956 746 1028 ΗΒ)
767 961 962 1017 remitterent÷
983 961 1095 1019 Boeotii
1111 962 1158 1018 ius
1175 961 1289 1018 talionis

318 1067 381 1127 sobi
401 1064 598 1131 vindicarem,
628 1062 705 1137 quod
731 1062 789 1120 dno
816 1064 889 1140 ipsis
907 1063 1017 1120 talenta
1038 1065 1160 1122 reddere
1182 1064 1289 1139 nequi-

245 1158 248 1163 *
319 1171 414 1228 rbentr
441 1169 498 1226 boc
520 1178 669 1244 tempore,
697 1185 755 1242 quo
780 1167 892 1224 navalia
915 1179 945 1224 ct
971 1169 1082 1227 moenia
1109 1168 1290 1226 concidentis

318 1276 416 1341 uvidis:
439 1293 528 1348 quum
542 1281 693 1349 praeterea
706 1271 811 1341 sciret,
834 1272 1035 1344 Senatum,si,
1056 1294 1113 1349 quo
1130 1292 1177 1330 res
1192 1272 1293 1351 publi-

316 1399 379 1436 ,ωε
401 1376 689 1443 adirnnistrarentnr,
719 1375 865 1432 sufficiens
888 1376 1009 1448 lrabeat,
1031 1398 1089 1434 nou
1115 1377 1243 1447 saevire,
1266 1377 1291 1431 si

318 1493 423 1539 eontra
448 1481 479 1536 in
501 1480 622 1557 penurie
647 1490 799 1551 versetur,
819 1484 994 1558 eleuyyelr'ug
1018 1483 1147 1540 notiones
1172 1481 1292 1557 accipe-

319 1607 371 1657 re,
394 1584 475 1642 etad
491 1583 597 1640 civium
613 1582 691 1640 bona
711 1583 888 1661 publicanda
909 1585 985 1659 cogi.

320 1718 324 1741 2
362 1691 413 1748 His
431 1689 569 1767 expositis
595 1708 625 1744 se
644 1689 681 1743 ad
702 1688 815 1745 iudices
833 1699 969 1759 vertens,
991 1709 1042 1746 eos
1061 1690 1291 1747 animadvertere

319 1795 407 1852 iubet
428 1794 553 1863 Orator,
571 1810 672 1848 omnes
690 1811 759 1861 eos,
784 1793 835 1867 qui
852 1794 930 1849 bona
948 1791 1066 1870 publice
1088 1795 1180 1852 furari
1200 1815 1293 1872 cupe-

323 1910 403 1968 rent,
415 1908 540 1954 mentem
555 1894 703 1952 intendere
724 1897 801 1960 ὅπως
810 1900 983 1973 Νικόμαχος
1001 1898 1167 1976 ἀγωνιεῖται
1186 1897 1287 1974 (5.25)

318 2001 409 2059 buius
435 2001 514 2056 enim
541 2001 705 2056 certaminis
736 2013 843 2058 eventu
868 2004 1058 2080 perspicuum
1085 2004 1164 2074 sore,
1191 2014 1289 2058 utrum

321 2106 440 2182 impune
460 2103 606 2159 civitatem
626 2102 730 2160 damno
747 2105 860 2162 afficere
876 2107 994 2178 liceret,
1014 2127 1070 2164 nec
1091 2126 1140 2165 ne.
1177 2109 1212 2163 In
1228 2124 1292 2162 me-

318 2211 443 2267 morium
459 2207 547 2283 igitur
565 2225 703 2263 revocare
719 2207 867 2267 iudicibus
884 2212 1003 2282 suadet,
1015 2211 1120 2270 multos
1134 2212 1193 2267 iam
1212 2211 1291 2267 cives

320 2313 395 2379 ferti
413 2331 499 2373 cause
514 2310 551 2366 eb
563 2311 635 2387 ipsis
649 2311 818 2370 interfectos
835 2334 917 2386 esse,
933 2337 950 2371 a
966 2317 1072 2391 quibus
1088 2330 1184 2371 tumen
1198 2313 1289 2372 multe

320 2420 418 2479 missus
434 2415 596 2495 periculum
614 2426 707 2488 esset,
734 2417 843 2495 quippe
870 2419 920 2495 qui
943 2420 1030 2478 modo
1052 2419 1200 2497 praesenti
1216 2431 1292 2474 tem-

321 2524 390 2603 pori
405 2521 592 2591 nocuissent,
621 2541 710 2596 quum
726 2523 936 2587 Niconercrros
963 2536 1062 2582 contra
1086 2524 1116 2580 in
1138 2523 1234 2599 legum
1260 2533 1291 2580 et

318 2646 475 2686 merorum
497 2624 695 2700 descriptione
723 2625 807 2683 donis
831 2639 988 2705 corruptus
1004 2628 1035 2683 in
1053 2641 1202 2684 aeternum
1217 2627 1291 2684 ciri-

321 2743 414 2788 tetem
432 2730 536 2785 domno
554 2728 709 2785 affecisset.

363 2837 454 2891 Perre
473 2833 499 2909 ξ.
514 2831 641 2896 26-31
660 2832 810 2891 iudicibus
824 2834 999 2911 persuadere
1018 2837 1132 2913 pergit,
1150 2855 1201 2891 reo
1217 2855 1289 2912 par·

320 2958 389 2996 cene
402 2939 485 3016 ipsos
499 2955 559 2997 uon
573 2936 693 3009 decere,
712 2938 821 3016 quippe
838 2940 887 3015 qui
902 2952 980 2996 tanta
996 2953 1026 2997 et
1040 2952 1085 2997 tot
1100 2939 1289 2996 beneficia-

321 3063 377 3122 pro
396 3061 481 3100 servo
496 3040 573 3097 enim
590 3043 684 3100 factus
702 3055 747 3098 est
764 3045 836 3100 ciris
857 3045 935 3116 (vid.
954 3045 1041 3102 buius
1056 3046 1217 3120 argumenti
1232 3045 1290 3100 ini-

319 3150 430 3218 tium),
449 3166 504 3224 pro
525 3145 657 3203 mendico
675 3147 773 3218 dives,
795 3169 850 3225 pro
867 3149 1020 3205 subscribe
1033 3150 1178 3223 legislator
1195 3181 1235 3196 ·-
1249 3148 1289 3202 ite

322 3250 449 3328 pessime
470 3249 631 3318 retulisset,
660 3261 693 3306 ut
717 3252 864 3307 civitatem
895 3253 932 3307 ad
958 3271 1097 3308 summam
1122 3249 1290 3327 perduxerit

318 3353 479 3410 suiseriem.
518 3353 620 3427 Ipsum
633 3353 766 3433 increpet
781 3354 923 3432 populum
936 3355 1059 3423 Orator,
1081 3354 1177 3430 quod,
1198 3372 1288 3429 quum

321 3458 446 3515 maiores
474 3457 642 3529 Quorum,
671 3461 921 3516 Tnsmrsrucoem
945 3471 974 3515 et
994 3460 1179 3527 Prusenses,
1207 3456 1287 3514 viros

320 3584 437 3621 morum
449 3561 616 3639 «integritate
638 3564 901 3628 commendandos,
918 3561 1096 3637 legislatores
1116 3561 1285 3637 elegissent,

320 3671 376 3727 tole
394 3690 499 3727 munus
518 3668 889 3725 Tissnsquechanionis
906 3666 980 3736 lilio,
1002 3665 1193 3725 N1oonteuno
1209 3669 1288 3725 eliis·

320 3788 377 3851 'true
398 3773 560 3831 subscribis
581 3772 782 3828 commisisset.

323 3894 329 3926 ³
360 3879 494 3953 Denique
511 3877 540 3932 in
555 3875 615 3931 fine
633 3875 779 3932 Orationis
797 3876 934 3931 certiores
950 3875 1018 3932 facit
1034 3875 1160 3943 iudices,
1181 3873 1286 3931 multos

324 3983 432 4039 amicos
452 3983 633 4038 Ntcomlcffl
655 3979 776 4036 δεῖσθαι
793 3977 864 4054 ὑπὲρ
879 3979 989 4050 αὐτοῦ,
1011 3980 1066 4038 ie.
1088 3992 1119 4037 ut
1136 3979 1198 4034 eius
1217 3998 1288 4033 cau-

324 4106 372 4149 sae
391 4085 500 4143 orando
517 4086 647 4142 sererent
665 4092 783 4159 paratos
804 4101 881 4161 esse,
904 4103 1026 4160 quorum
1045 4102 1164 4162 precum
1182 4081 1287 4142 nullam
