2967 5092
760 496 778 549 ‘3

331 656 448 732 Athenis
467 668 629 745 eloquentia
647 668 697 725 diu
729 669 845 743 quidem
866 669 973 743 viguit,
996 669 1046 725 sed
1071 668 1169 723 decem
1193 666 1258 724 illos

295 780 433 837 Oratores
450 776 509 832 sere
525 795 581 830 una
595 774 658 830 tulit
674 784 753 829 aetas
768 773 828 844 (l).
867 775 998 844 Quorum
1014 793 1030 826 a
1049 793 1106 847 quo
1124 784 1255 847 tempore

294 883 385 940 libros
411 878 582 958 pervolvere
603 878 736 954 incoepi,
764 878 868 953 Lysiae
890 878 1059 933 tenuitatem
1081 878 1253 952 dicendique

295 984 533 1064 perspicuitatem
562 982 718 1037 admiratus
751 1001 825 1037 sum.
872 979 1021 1036 Lubenter
1052 983 1161 1057 igitur,
1190 1002 1257 1038 cum

295 1088 466 1145 Academiae
483 1084 688 1160 relinquendae
707 1095 735 1140 et
751 1085 934 1161 speciminis,
955 1106 1012 1161 quo
1028 1086 1163 1162 publicos
1178 1107 1259 1144 asse-

297 1211 401 1267 querer
424 1189 573 1258 honores,
593 1187 700 1243 edendi
714 1199 830 1266 tempus
846 1189 1096 1266 appropinquaret
1117 1191 1257 1260 consilio,

295 1294 374 1370 quod
398 1292 466 1348 mihi
489 1292 534 1349 Cl.
550 1294 695 1363 Barrus,
724 1294 876 1349 Promotor
902 1294 1029 1363 Honor.,
1056 1293 1136 1348 dedit
1162 1304 1194 1348 ut
1219 1313 1255 1348 ex

292 1399 395 1474 Lysiae
413 1394 602 1454 Orationibus
629 1415 727 1468 unam,
751 1395 781 1450 in
801 1416 857 1470 qua
875 1395 1044 1473 explicanda
1069 1397 1145 1453 vires
1162 1416 1256 1473 expe·

292 1503 383 1572 riser,
404 1501 558 1576 eligerem,
579 1499 738 1556 obsecutus
754 1519 828 1556 sum.

332 1606 430 1680 Elegi,
458 1617 576 1662 auctore
604 1604 678 1663 Viro
702 1604 767 1676 Cl.,
795 1606 954 1662 orationem
975 1604 1005 1658 in
1030 1604 1259 1677 Nicomachum,

296 1708 374 1784 quod
400 1710 431 1764 in
452 1707 506 1764 hac
526 1708 664 1764 Oratione
692 1708 861 1785 explicanda
885 1709 977 1766 amori
999 1728 1063 1764 meo
1086 1710 1265 1785 antiquitatis

296 1813 481 1891 disciplinae,
500 1832 585 1888 quem
601 1813 658 1866 iam
676 1811 726 1868 diu
743 1813 921 1869 Promotoris
936 1814 1157 1871 Honoratissimi
1175 1814 1262 1872 scho-

294 1917 336 1974 las
354 1918 389 1972 de
405 1916 583 1990 Antiquitate
596 1916 690 1970 Attica
705 1915 843 1986 audiens,
863 1936 1062 1991 susceperam,
1084 1918 1263 1974 satisfacien-

296 2021 326 2075 di
352 2018 557 2096 opportunitas
583 2018 712 2075 daretur.
759 2020 860 2094 Neque
891 2038 996 2097 parum
1026 2020 1082 2077 hoc
1110 2021 1179 2076 mihi
1208 2022 1263 2077 luit

296 2124 505 2193 incitamento,
534 2122 613 2198 quod
638 2123 768 2181 nondum
792 2120 889 2179 dedita
911 2143 1000 2201 opera
1027 2123 1112 2181 huius
1138 2125 1260 2182 aetionis

297 2227 464 2297 historiam,
485 2227 555 2282 satis
579 2225 762 2303 impeditam,
783 2227 975 2305 interpretes,
997 2239 1031 2288 ut
1048 2228 1117 2285 mihi
1140 2229 1264 2286 videba-

301 2343 368 2399 tur,
388 2330 604 2408 explicuissent.

336 2435 486 2491 Diiudices
501 2437 535 2492 L.
550 2435 583 2491 B.
600 2433 669 2510 quid
684 2434 714 2489 in
727 2432 783 2491 hoc
799 2434 974 2492 elaborando
992 2447 1161 2512 argumento
1176 2453 1265 2512 prae-

299 2540 441 2609 stiterim,
464 2539 516 2594 sed
538 2538 660 2598 iuvenili
683 2541 800 2596 conatui
819 2540 889 2615 quid
904 2540 1124 2600 condonandum
1143 2542 1194 2612 sit,
1215 2561 1265 2598 re-

297 2655 396 2720 putes.

302 2800 593 2817 ,Μ

333 2873 376 2945 (1)
394 2872 416 2925 l.
434 2872 614 2942 Antiphon
631 2874 721 2928 floruit
738 2878 810 2924 κατὰ
826 2877 860 2924 τά
876 2875 1007 2944 Περσικά.

375 2961 412 3013 ll.
433 2961 622 3015 Andocides
639 2975 715 3016 natus
732 2976 772 3017 est
789 2964 875 3018 ttt.7e
893 2983 960 3018 auno
971 2972 997 3020 1.

359 3044 411 3103 ill.
430 3052 546 3120 Lysias
564 3063 638 3105 natus
656 3065 695 3105 est
711 3052 797 3106 0l.80
813 3072 878 3105 anno
890 3057 915 3106 2.

360 3137 408 3189 tv,
429 3139 602 3192 {socrates
619 3152 694 3192 natus
712 3153 751 3192 est
767 3141 808 3192 Ol.
820 3144 852 3193 86
869 3159 934 3192 anno
949 3145 973 3195 1.

378 3224 410 3277 V.
429 3225 545 3279 isaeus
563 3227 627 3281 vixit
643 3240 758 3297 tempore
775 3228 837 3280 belli
856 3228 1076 3295 Peloponnesiaci.

310 3322 315 3337 ¹
361 3310 409 3366 Vl.
428 3313 616 3368 Aeschines
634 3324 710 3369 natus
727 3316 867 3370 essolet
884 3317 998 3369 circiter.

344 3400 405 3452 Vll.
425 3402 595 3469 Lyeurgus
613 3403 667 3457 [ere
684 3404 775 3456 eodem
792 3418 918 3465 tenpore.

326 3487 402 3541 Vlll.
420 3488 668 3546 Demosthenes
686 3504 762 3546 natus
779 3506 818 3545 est
835 3492 920 3545 0l.99
936 3496 1039 3546 arnol.

337 3650 339 3653 v
357 3575 404 3633 lx.
419 3577 618 3648 Hyperides
637 3579 691 3632 lere
709 3581 798 3633 eodem
819 3593 943 3648 tempore.

372 3666 404 3718 h.
422 3665 630 3720 Dinarchus
647 3681 721 3720 natus
738 3682 778 3720 est
794 3669 894 3722 (tllol
911 3670 1012 3720 arnol.

299 3752 349 3806 cu.
368 3752 436 3807 Cic.
454 3756 482 3806 in
499 3757 610 3823 Bruto,
627 3759 732 3825 οπως
751 3762 784 3809 de
802 3757 881 3809 Orat.
898 3755 936 3808 ll.
953 3758 1019 3808 c.22
1035 3766 1061 3808 et
1079 3757 1120 3810 23.
1145 3756 1264 3823 Lysiae

298 3843 351 3895 vita
375 3862 389 3896 a
415 3843 442 3895 J.
469 3842 612 3906 Tayloro
645 3846 799 3914 conscripta.
844 3843 1046 3897 Ruhnleuii
1077 3847 1158 3899 Hirr.
1193 3847 1267 3899 Crisa

300 3934 383 3989 Orat.
404 3936 503 3984 Graec.
