<?xml version="1.0" encoding="UTF-8"?>
<!DOCTYPE html PUBLIC "-//W3C//DTD XHTML 1.0 Transitional//EN"
    "http://www.w3.org/TR/xhtml1/DTD/xhtml1-transitional.dtd">
<html xmlns="http://www.w3.org/1999/xhtml" xml:lang="en" lang="en">
 <head>
  <title>
</title>
<meta http-equiv="Content-Type" content="text/html;charset=utf-8" />
  <meta name='ocr-system' content='tesseract 3.04.00' />
  <meta name='ocr-capabilities' content='ocr_page ocr_carea ocr_par ocr_line ocrx_word'/>
</head>
<body>
  <div class='ocr_page' id='page_1' title='image "./specimenliterar00weijgoog_0082.png"; bbox 0 0 2967 5092; ppageno 0'>
   <div class='ocr_carea' id='block_1_1' title="bbox 845 493 888 555">
    <p class='ocr_par' dir='ltr' id='par_1_1' title="bbox 845 493 888 555">
     <span class='ocr_line' id='line_1_1' title="bbox 845 493 888 555; baseline 0 0"><span class='ocrx_word' id='word_1_1' title='bbox 845 493 888 555; x_wconf 75' lang='lat'>70</span> 
     </span>
    </p>
   </div>
   <div class='ocr_carea' id='block_1_2' title="bbox 350 671 1348 3451">
    <p class='ocr_par' dir='ltr' id='par_1_2' title="bbox 354 671 1348 2934">
     <span class='ocr_line' id='line_1_2' title="bbox 379 671 1348 748; baseline 0.008 -16"><span class='ocrx_word' id='word_1_2' title='bbox 379 671 469 732; x_wconf 77' lang='grc' dir='ltr'><strong>τἰστα</strong></span> <span class='ocrx_word' id='word_1_3' title='bbox 485 674 636 745; x_wconf 73' lang='grc' dir='ltr'><em>βουλεύειν</em></span> <span class='ocrx_word' id='word_1_4' title='bbox 656 677 689 743; x_wconf 81' lang='grc' dir='ltr'>τῇ</span> <span class='ocrx_word' id='word_1_5' title='bbox 707 674 805 728; x_wconf 75' lang='grc' dir='ltr'>πόλει.</span> <span class='ocrx_word' id='word_1_6' title='bbox 842 673 984 733; x_wconf 77' lang='lat' dir='ltr'>Par-ricula</span> <span class='ocrx_word' id='word_1_7' title='bbox 1003 693 1114 748; x_wconf 78' lang='lat' dir='ltr'>negans</span> <span class='ocrx_word' id='word_1_8' title='bbox 1138 695 1204 731; x_wconf 90' lang='lat' dir='ltr'>cum</span> <span class='ocrx_word' id='word_1_9' title='bbox 1221 677 1253 737; x_wconf 86' lang='lat' dir='ltr'>in</span> <span class='ocrx_word' id='word_1_10' title='bbox 1268 681 1348 740; x_wconf 76' lang='lat' dir='ltr'><strong>MSS.</strong></span> 
     </span>
     <span class='ocr_line' id='line_1_3' title="bbox 381 777 1347 852; baseline -0.001 -16"><span class='ocrx_word' id='word_1_11' title='bbox 381 780 544 846; x_wconf 81' lang='lat' dir='ltr'>omittatur,</span> <span class='ocrx_word' id='word_1_12' title='bbox 566 777 619 834; x_wconf 85' lang='lat' dir='ltr'>scd</span> <span class='ocrx_word' id='word_1_13' title='bbox 634 778 798 833; x_wconf 82' lang='lat' dir='ltr'>necessario</span> <span class='ocrx_word' id='word_1_14' title='bbox 815 777 997 852; x_wconf 80' lang='lat' dir='ltr'>requiratur,</span> <span class='ocrx_word' id='word_1_15' title='bbox 1018 798 1047 833; x_wconf 83' lang='lat' dir='ltr'>a.</span> <span class='ocrx_word' id='word_1_16' title='bbox 1061 778 1107 837; x_wconf 60' lang='lat' dir='ltr'>V.</span> <span class='ocrx_word' id='word_1_17' title='bbox 1119 779 1158 838; x_wconf 87' lang='lat' dir='ltr'>V.</span> <span class='ocrx_word' id='word_1_18' title='bbox 1172 781 1210 838; x_wconf 91' lang='lat' dir='ltr'>D.</span> <span class='ocrx_word' id='word_1_19' title='bbox 1227 784 1266 839; x_wconf 86' lang='lat' dir='ltr'>D.</span> <span class='ocrx_word' id='word_1_20' title='bbox 1283 795 1347 842; x_wconf 82' lang='lat' dir='ltr'><strong>tex..</strong></span> 
     </span>
     <span class='ocr_line' id='line_1_4' title="bbox 378 879 1348 964; baseline 0.007 -26"><span class='ocrx_word' id='word_1_21' title='bbox 378 884 481 938; x_wconf 75' lang='lat' dir='ltr'>taient</span> <span class='ocrx_word' id='word_1_22' title='bbox 495 881 621 948; x_wconf 76' lang='lat' dir='ltr'>inrorta3</span> <span class='ocrx_word' id='word_1_23' title='bbox 643 879 841 939; x_wconf 79' lang='lat' dir='ltr'>minuatamen</span> <span class='ocrx_word' id='word_1_24' title='bbox 857 880 953 957; x_wconf 90' lang='lat' dir='ltr'>probo</span> <span class='ocrx_word' id='word_1_25' title='bbox 969 881 1141 957; x_wconf 83' lang='lat' dir='ltr'>particulam</span> <span class='ocrx_word' id='word_1_26' title='bbox 1162 883 1217 941; x_wconf 72' lang='lat' dir='ltr'>oti:</span> <span class='ocrx_word' id='word_1_27' title='bbox 1233 889 1348 964; x_wconf 82' lang='lat' dir='ltr'>scripsit</span> 
     </span>
     <span class='ocr_line' id='line_1_5' title="bbox 378 983 1346 1057; baseline 0.006 -15"><span class='ocrx_word' id='word_1_28' title='bbox 378 987 440 1043; x_wconf 82' lang='lat' dir='ltr'>aina</span> <span class='ocrx_word' id='word_1_29' title='bbox 456 984 546 1041; x_wconf 89' lang='lat' dir='ltr'>dnbio</span> <span class='ocrx_word' id='word_1_30' title='bbox 562 994 664 1040; x_wconf 82' lang='lat' dir='ltr'>auctor</span> <span class='ocrx_word' id='word_1_31' title='bbox 680 984 719 1057; x_wconf 99' lang='grc' dir='ltr'><em>μή</em></span> <span class='ocrx_word' id='word_1_32' title='bbox 736 991 773 1043; x_wconf 78' lang='grc' dir='ltr'>τά</span> <span class='ocrx_word' id='word_1_33' title='bbox 789 983 941 1057; x_wconf 72' lang='grc' dir='ltr'><em>βέλτιστα,</em></span> <span class='ocrx_word' id='word_1_34' title='bbox 962 999 994 1041; x_wconf 92' lang='lat' dir='ltr'>ut</span> <span class='ocrx_word' id='word_1_35' title='bbox 1013 987 1070 1042; x_wconf 88' lang='lat' dir='ltr'>iam</span> <span class='ocrx_word' id='word_1_36' title='bbox 1094 989 1226 1046; x_wconf 67' lang='lat' dir='ltr'>Manu.</span> <span class='ocrx_word' id='word_1_37' title='bbox 1241 991 1346 1053; x_wconf 82' lang='lat' dir='ltr'>voluit.</span> 
     </span>
     <span class='ocr_line' id='line_1_6' title="bbox 376 1087 1344 1170; baseline 0.004 -20"><span class='ocrx_word' id='word_1_38' title='bbox 376 1091 445 1151; x_wconf 74' lang='lat' dir='ltr'>Non</span> <span class='ocrx_word' id='word_1_39' title='bbox 459 1088 536 1145; x_wconf 89' lang='lat' dir='ltr'>enim</span> <span class='ocrx_word' id='word_1_40' title='bbox 550 1087 677 1162; x_wconf 81' lang='lat' dir='ltr'>negabat</span> <span class='ocrx_word' id='word_1_41' title='bbox 690 1090 861 1146; x_wconf 74' lang='lat' dir='ltr'>Cauorflon</span> <span class='ocrx_word' id='word_1_42' title='bbox 877 1100 1010 1146; x_wconf 86' lang='lat' dir='ltr'>senatum</span> <span class='ocrx_word' id='word_1_43' title='bbox 1026 1091 1137 1167; x_wconf 83' lang='lat' dir='ltr'>populo</span> <span class='ocrx_word' id='word_1_44' title='bbox 1147 1095 1344 1170; x_wconf 84' lang='lat' dir='ltr'>consuluisse,</span> 
     </span>
     <span class='ocr_line' id='line_1_7' title="bbox 375 1191 1344 1277; baseline 0.007 -26"><span class='ocrx_word' id='word_1_45' title='bbox 375 1194 428 1255; x_wconf 76' lang='lat' dir='ltr'>sed</span> <span class='ocrx_word' id='word_1_46' title='bbox 448 1194 573 1271; x_wconf 77' lang='lat' dir='ltr'>pessime</span> <span class='ocrx_word' id='word_1_47' title='bbox 590 1223 629 1241; x_wconf 60' lang='grc' dir='ltr'>-υ</span> <span class='ocrx_word' id='word_1_48' title='bbox 642 1192 681 1264; x_wconf 91' lang='grc' dir='ltr'><em>μή</em></span> <span class='ocrx_word' id='word_1_49' title='bbox 697 1194 732 1248; x_wconf 82' lang='lat' dir='ltr'>roi</span> <span class='ocrx_word' id='word_1_50' title='bbox 763 1191 903 1264; x_wconf 75' lang='grc' dir='ltr'><em>βέλτιστα</em></span> <span class='ocrx_word' id='word_1_51' title='bbox 917 1227 957 1241; x_wconf 91' lang='lat'>·—</span> <span class='ocrx_word' id='word_1_52' title='bbox 976 1195 1156 1255; x_wconf 79' lang='lat' dir='ltr'>consuluisse</span> <span class='ocrx_word' id='word_1_53' title='bbox 1172 1200 1344 1277; x_wconf 76' lang='lat' dir='ltr'>exprobrat.</span> 
     </span>
     <span class='ocr_line' id='line_1_8' title="bbox 373 1296 1343 1379; baseline 0.003 -20"><span class='ocrx_word' id='word_1_54' title='bbox 373 1302 438 1360; x_wconf 82' lang='lat' dir='ltr'>Hoc</span> <span class='ocrx_word' id='word_1_55' title='bbox 453 1300 529 1355; x_wconf 83' lang='lat' dir='ltr'>inter</span> <span class='ocrx_word' id='word_1_56' title='bbox 544 1309 694 1369; x_wconf 84' lang='lat' dir='ltr'>utramque</span> <span class='ocrx_word' id='word_1_57' title='bbox 705 1296 868 1370; x_wconf 75' lang='lat' dir='ltr'>negationis</span> <span class='ocrx_word' id='word_1_58' title='bbox 881 1298 1052 1373; x_wconf 83' lang='lat' dir='ltr'>particulam</span> <span class='ocrx_word' id='word_1_59' title='bbox 1069 1300 1243 1373; x_wconf 82' lang='lat' dir='ltr'>discrimen,</span> <span class='ocrx_word' id='word_1_60' title='bbox 1264 1305 1343 1379; x_wconf 88' lang='lat' dir='ltr'>quod</span> 
     </span>
     <span class='ocr_line' id='line_1_9' title="bbox 375 1398 1343 1480; baseline 0.015 -32"><span class='ocrx_word' id='word_1_61' title='bbox 375 1403 415 1462; x_wconf 58' lang='lat' dir='ltr'>oi?</span> <span class='ocrx_word' id='word_1_62' title='bbox 431 1401 622 1468; x_wconf 77' lang='lat' dir='ltr'>adhibeatur,</span> <span class='ocrx_word' id='word_1_63' title='bbox 643 1398 693 1456; x_wconf 91' lang='lat' dir='ltr'>ubi</span> <span class='ocrx_word' id='word_1_64' title='bbox 714 1410 807 1456; x_wconf 91' lang='lat' dir='ltr'>totum</span> <span class='ocrx_word' id='word_1_65' title='bbox 825 1412 948 1476; x_wconf 81' lang='lat' dir='ltr'>negatur</span> <span class='ocrx_word' id='word_1_66' title='bbox 962 1402 1098 1474; x_wconf 83' lang='lat' dir='ltr'>effatum,</span> <span class='ocrx_word' id='word_1_67' title='bbox 1119 1424 1208 1479; x_wconf 89' lang='lat' dir='ltr'>quum</span> <span class='ocrx_word' id='word_1_68' title='bbox 1222 1409 1263 1480; x_wconf 86' lang='grc' dir='ltr'><em>μή</em></span> <span class='ocrx_word' id='word_1_69' title='bbox 1277 1419 1343 1463; x_wconf 86' lang='lat' dir='ltr'>tan-</span> 
     </span>
     <span class='ocr_line' id='line_1_10' title="bbox 371 1502 1341 1580; baseline -0.002 -16"><span class='ocrx_word' id='word_1_70' title='bbox 371 1519 434 1564; x_wconf 85' lang='lat' dir='ltr'>tum</span> <span class='ocrx_word' id='word_1_71' title='bbox 451 1523 538 1561; x_wconf 84' lang='lat' dir='ltr'>unam</span> <span class='ocrx_word' id='word_1_72' title='bbox 554 1502 712 1561; x_wconf 77' lang='lat' dir='ltr'>sentcntiae</span> <span class='ocrx_word' id='word_1_73' title='bbox 729 1503 878 1561; x_wconf 86' lang='lat' dir='ltr'>notionem</span> <span class='ocrx_word' id='word_1_74' title='bbox 892 1517 990 1580; x_wconf 77' lang='lat' dir='ltr'>neget.</span> <span class='ocrx_word' id='word_1_75' title='bbox 1016 1506 1062 1565; x_wconf 80' lang='lat' dir='ltr'>Cf.</span> <span class='ocrx_word' id='word_1_76' title='bbox 1076 1508 1251 1566; x_wconf 74' lang='lat' dir='ltr'>Hannrnrr.</span> <span class='ocrx_word' id='word_1_77' title='bbox 1270 1510 1341 1567; x_wconf 66' lang='lat' dir='ltr'>An.</span> 
     </span>
     <span class='ocr_line' id='line_1_11' title="bbox 368 1605 1340 1686; baseline 0.014 -27"><span class='ocrx_word' id='word_1_78' title='bbox 368 1618 434 1667; x_wconf 73' lang='lat' dir='ltr'>not.</span> <span class='ocrx_word' id='word_1_79' title='bbox 446 1610 490 1665; x_wconf 81' lang='lat' dir='ltr'>od</span> <span class='ocrx_word' id='word_1_80' title='bbox 503 1607 537 1665; x_wconf 90' lang='lat' dir='ltr'><em>V</em></span> <span class='ocrx_word' id='word_1_81' title='bbox 535 1609 611 1682; x_wconf 77' lang='lat' dir='ltr'>iger.</span> <span class='ocrx_word' id='word_1_82' title='bbox 631 1628 663 1683; x_wconf 89' lang='lat' dir='ltr'>p.</span> <span class='ocrx_word' id='word_1_83' title='bbox 678 1605 731 1666; x_wconf 85' lang='lat'>107</span> <span class='ocrx_word' id='word_1_84' title='bbox 741 1627 787 1682; x_wconf 84' lang='lat' dir='ltr'>aq.</span> <span class='ocrx_word' id='word_1_85' title='bbox 804 1606 853 1665; x_wconf 79' lang='lat' dir='ltr'>od.</span> <span class='ocrx_word' id='word_1_86' title='bbox 869 1627 945 1678; x_wconf 73' lang='lat' dir='ltr'>seo,</span> <span class='ocrx_word' id='word_1_87' title='bbox 964 1630 1054 1686; x_wconf 90' lang='lat' dir='ltr'>porro</span> <span class='ocrx_word' id='word_1_88' title='bbox 1072 1612 1107 1670; x_wconf 84' lang='lat' dir='ltr'>C.</span> <span class='ocrx_word' id='word_1_89' title='bbox 1123 1613 1156 1670; x_wconf 88' lang='lat' dir='ltr'>F.</span> <span class='ocrx_word' id='word_1_90' title='bbox 1170 1621 1291 1672; x_wconf 70' lang='lat' dir='ltr'>Annon,</span> <span class='ocrx_word' id='word_1_91' title='bbox 1308 1616 1340 1675; x_wconf 88' lang='lat' dir='ltr'>iu</span> 
     </span>
     <span class='ocr_line' id='line_1_12' title="bbox 371 1711 1337 1795; baseline 0.009 -26"><span class='ocrx_word' id='word_1_92' title='bbox 371 1714 440 1769; x_wconf 80' lang='lat' dir='ltr'>dr&#39;rs.</span> <span class='ocrx_word' id='word_1_93' title='bbox 458 1713 492 1768; x_wconf 76' lang='lat' dir='ltr'>de</span> <span class='ocrx_word' id='word_1_94' title='bbox 507 1711 670 1769; x_wconf 74' lang='lat' dir='ltr'>discrimine</span> <span class='ocrx_word' id='word_1_95' title='bbox 675 1720 762 1788; x_wconf 79' lang='lat' dir='ltr'>part.</span> <span class='ocrx_word' id='word_1_96' title='bbox 787 1711 825 1773; x_wconf 73' lang='grc' dir='ltr'>οὗ</span> <span class='ocrx_word' id='word_1_97' title='bbox 842 1721 868 1771; x_wconf 78' lang='grc' dir='ltr'>ιι</span> <span class='ocrx_word' id='word_1_98' title='bbox 878 1715 918 1788; x_wconf 90' lang='grc' dir='ltr'><em>μή</em></span> <span class='ocrx_word' id='word_1_99' title='bbox 940 1713 985 1786; x_wconf 87' lang='lat' dir='ltr'>(in</span> <span class='ocrx_word' id='word_1_100' title='bbox 1001 1715 1099 1775; x_wconf 88' lang='lat' dir='ltr'>Oratt.</span> <span class='ocrx_word' id='word_1_101' title='bbox 1114 1715 1256 1793; x_wconf 82' lang='lat' dir='ltr'><strong>Sylvesst.</strong></span> <span class='ocrx_word' id='word_1_102' title='bbox 1275 1719 1337 1795; x_wconf 85' lang='lat' dir='ltr'>qui·</span> 
     </span>
     <span class='ocr_line' id='line_1_13' title="bbox 369 1815 1338 1884; baseline 0.003 -9"><span class='ocrx_word' id='word_1_103' title='bbox 369 1818 428 1875; x_wconf 79' lang='lat' dir='ltr'>hus</span> <span class='ocrx_word' id='word_1_104' title='bbox 444 1817 548 1873; x_wconf 76' lang='lat' dir='ltr'>natalia</span> <span class='ocrx_word' id='word_1_105' title='bbox 567 1815 679 1875; x_wconf 85' lang='lat' dir='ltr'>illarum</span> <span class='ocrx_word' id='word_1_106' title='bbox 689 1816 853 1876; x_wconf 79' lang='lat' dir='ltr'>scholarum</span> <span class='ocrx_word' id='word_1_107' title='bbox 871 1816 1074 1883; x_wconf 79' lang='lat' dir='ltr'>celebrantur,</span> <span class='ocrx_word' id='word_1_108' title='bbox 1090 1820 1122 1877; x_wconf 93' lang='lat' dir='ltr'>in</span> <span class='ocrx_word' id='word_1_109' title='bbox 1129 1819 1210 1878; x_wconf 87' lang='lat' dir='ltr'>Orat.</span> <span class='ocrx_word' id='word_1_110' title='bbox 1222 1843 1250 1882; x_wconf 83' lang='lat' dir='ltr'>a.</span> <span class='ocrx_word' id='word_1_111' title='bbox 1264 1822 1338 1884; x_wconf 75' lang='lat'>1823</span> 
     </span>
     <span class='ocr_line' id='line_1_14' title="bbox 367 1919 1337 2002; baseline 0.004 -24"><span class='ocrx_word' id='word_1_112' title='bbox 367 1921 498 1992; x_wconf 81' lang='lat' dir='ltr'>hahita).</span> <span class='ocrx_word' id='word_1_113' title='bbox 541 1919 641 1994; x_wconf 79' lang='lat' dir='ltr'>Neque</span> <span class='ocrx_word' id='word_1_114' title='bbox 667 1921 812 1980; x_wconf 80' lang='lat' dir='ltr'>Baanroa</span> <span class='ocrx_word' id='word_1_115' title='bbox 848 1921 1004 1983; x_wconf 75' lang='lat' dir='ltr'>discrimen</span> <span class='ocrx_word' id='word_1_116' title='bbox 1035 1924 1190 1983; x_wconf 81' lang='lat' dir='ltr'>locutionis</span> <span class='ocrx_word' id='word_1_117' title='bbox 1212 1927 1248 1983; x_wconf 77' lang='grc' dir='ltr'>οὐ</span> <span class='ocrx_word' id='word_1_118' title='bbox 1271 1927 1337 2002; x_wconf 68' lang='grc' dir='ltr'><em>βου·</em></span> 
     </span>
     <span class='ocr_line' id='line_1_15' title="bbox 372 2022 1336 2101; baseline 0.003 -18"><span class='ocrx_word' id='word_1_119' title='bbox 372 2029 472 2083; x_wconf 74' lang='grc' dir='ltr'><em>λούειν</em></span> <span class='ocrx_word' id='word_1_120' title='bbox 492 2026 528 2087; x_wconf 79' lang='grc' dir='ltr'>τὰ</span> <span class='ocrx_word' id='word_1_121' title='bbox 546 2022 686 2097; x_wconf 67' lang='lat' dir='ltr'>(totatuta</span> <span class='ocrx_word' id='word_1_122' title='bbox 709 2036 739 2083; x_wconf 81' lang='lat' dir='ltr'>ot</span> <span class='ocrx_word' id='word_1_123' title='bbox 762 2024 915 2097; x_wconf 71' lang='grc' dir='ltr'><em>βουλεύειν</em></span> <span class='ocrx_word' id='word_1_124' title='bbox 939 2029 978 2100; x_wconf 90' lang='grc' dir='ltr'><em>μή</em></span> <span class='ocrx_word' id='word_1_125' title='bbox 995 2030 1030 2084; x_wconf 80' lang='lat' dir='ltr'>ari</span> <span class='ocrx_word' id='word_1_126' title='bbox 1050 2029 1190 2101; x_wconf 76' lang='grc' dir='ltr'><em>βέλτιστα</em></span> <span class='ocrx_word' id='word_1_127' title='bbox 1206 2033 1336 2088; x_wconf 85' lang='lat' dir='ltr'>tenuisse</span> 
     </span>
     <span class='ocr_line' id='line_1_16' title="bbox 367 2126 1334 2210; baseline 0.008 -25"><span class='ocrx_word' id='word_1_128' title='bbox 367 2128 495 2186; x_wconf 79' lang='lat' dir='ltr'>videtur.</span> <span class='ocrx_word' id='word_1_129' title='bbox 532 2126 644 2191; x_wconf 79' lang='lat' dir='ltr'>Eodem</span> <span class='ocrx_word' id='word_1_130' title='bbox 658 2127 746 2183; x_wconf 88' lang='lat' dir='ltr'>modo</span> <span class='ocrx_word' id='word_1_131' title='bbox 764 2128 844 2203; x_wconf 88' lang='lat' dir='ltr'>apud</span> <span class='ocrx_word' id='word_1_132' title='bbox 861 2132 942 2186; x_wconf 79' lang='lat' dir='ltr'>Dan.</span> <span class='ocrx_word' id='word_1_133' title='bbox 952 2131 983 2187; x_wconf 93' lang='lat' dir='ltr'>in</span> <span class='ocrx_word' id='word_1_134' title='bbox 997 2131 1134 2206; x_wconf 79' lang='lat' dir='ltr'>Aristog.</span> <span class='ocrx_word' id='word_1_135' title='bbox 1151 2135 1195 2190; x_wconf 91' lang='grc' dir='ltr'>Π.</span> <span class='ocrx_word' id='word_1_136' title='bbox 1215 2157 1245 2210; x_wconf 86' lang='lat' dir='ltr'>p.</span> <span class='ocrx_word' id='word_1_137' title='bbox 1255 2134 1312 2193; x_wconf 83' lang='lat'>806</span> <span class='ocrx_word' id='word_1_138' title='bbox 1326 2158 1334 2193; x_wconf 83' lang='lat' dir='ltr'>r</span> 
     </span>
     <span class='ocr_line' id='line_1_17' title="bbox 369 2229 1335 2313; baseline 0.007 -24"><span class='ocrx_word' id='word_1_139' title='bbox 369 2236 477 2290; x_wconf 72' lang='grc' dir='ltr'><em>τοῦτον</em></span> <span class='ocrx_word' id='word_1_140' title='bbox 502 2229 541 2295; x_wconf 78' lang='grc' dir='ltr'>ὡς</span> <span class='ocrx_word' id='word_1_141' title='bbox 564 2232 728 2306; x_wconf 73' lang='grc' dir='ltr'><em>πράττοντα</em></span> <span class='ocrx_word' id='word_1_142' title='bbox 750 2239 799 2288; x_wconf 81' lang='grc' dir='ltr'>καὶ</span> <span class='ocrx_word' id='word_1_143' title='bbox 821 2233 940 2311; x_wconf 77' lang='grc' dir='ltr'><em>λέγοντα</em></span> <span class='ocrx_word' id='word_1_144' title='bbox 962 2238 1002 2308; x_wconf 90' lang='grc' dir='ltr'><em>μή</em></span> <span class='ocrx_word' id='word_1_145' title='bbox 1021 2238 1056 2292; x_wconf 77' lang='grc' dir='ltr'>τά</span> <span class='ocrx_word' id='word_1_146' title='bbox 1079 2236 1195 2313; x_wconf 81' lang='grc' dir='ltr'>ἄριστα.</span> <span class='ocrx_word' id='word_1_147' title='bbox 1234 2241 1335 2297; x_wconf 77' lang='lat' dir='ltr'>Tace.</span> 
     </span>
     <span class='ocr_line' id='line_1_18' title="bbox 363 2334 1333 2415; baseline 0.007 -21"><span class='ocrx_word' id='word_1_148' title='bbox 363 2336 464 2394; x_wconf 76' lang='lat' dir='ltr'><strong>Llll.</strong></span> <span class='ocrx_word' id='word_1_149' title='bbox 481 2334 538 2393; x_wconf 70' lang='lat'>84:</span> <span class='ocrx_word' id='word_1_150' title='bbox 562 2334 636 2411; x_wconf 77' lang='grc' dir='ltr'>ε’νῲ</span> <span class='ocrx_word' id='word_1_151' title='bbox 659 2337 699 2410; x_wconf 88' lang='grc' dir='ltr'><em>μή</em></span> <span class='ocrx_word' id='word_1_152' title='bbox 723 2336 909 2410; x_wconf 73' lang='grc' dir='ltr'><strong><em>βλάπτουσαν</em></strong></span> <span class='ocrx_word' id='word_1_153' title='bbox 939 2344 1027 2409; x_wconf 59' lang='lat' dir='ltr'>logor</span> <span class='ocrx_word' id='word_1_154' title='bbox 1047 2336 1110 2411; x_wconf 78' lang='grc' dir='ltr'><em>εἶχε</em></span> <span class='ocrx_word' id='word_1_155' title='bbox 1132 2344 1165 2398; x_wconf 86' lang='grc' dir='ltr'>τὸ</span> <span class='ocrx_word' id='word_1_156' title='bbox 1190 2349 1333 2415; x_wconf 73' lang='grc' dir='ltr'><em>φθονεῖν,</em></span> 
     </span>
     <span class='ocr_line' id='line_1_19' title="bbox 357 2440 1334 2519; baseline 0.002 -20"><span class='ocrx_word' id='word_1_157' title='bbox 357 2440 685 2518; x_wconf 78' lang='lat' dir='ltr'>·quamqna1uiortaaac</span> <span class='ocrx_word' id='word_1_158' title='bbox 716 2461 777 2496; x_wconf 91' lang='lat' dir='ltr'>non</span> <span class='ocrx_word' id='word_1_159' title='bbox 802 2445 897 2519; x_wconf 79' lang='lat' dir='ltr'>magni</span> <span class='ocrx_word' id='word_1_160' title='bbox 924 2446 1072 2502; x_wconf 73' lang='lat' dir='ltr'>Tnocrn.</span> <span class='ocrx_word' id='word_1_161' title='bbox 1094 2443 1176 2503; x_wconf 88' lang='lat' dir='ltr'>locus</span> <span class='ocrx_word' id='word_1_162' title='bbox 1197 2461 1241 2502; x_wconf 84' lang='lat' dir='ltr'>est</span> <span class='ocrx_word' id='word_1_163' title='bbox 1269 2470 1334 2506; x_wconf 54' lang='lat' dir='ltr'>mo.</span> 
     </span>
     <span class='ocr_line' id='line_1_20' title="bbox 358 2542 1334 2621; baseline 0.005 -16"><span class='ocrx_word' id='word_1_164' title='bbox 358 2547 473 2616; x_wconf 77' lang='lat' dir='ltr'>monti,</span> <span class='ocrx_word' id='word_1_165' title='bbox 489 2564 578 2621; x_wconf 88' lang='lat' dir='ltr'>quum</span> <span class='ocrx_word' id='word_1_166' title='bbox 598 2542 654 2600; x_wconf 88' lang='lat' dir='ltr'>hoc</span> <span class='ocrx_word' id='word_1_167' title='bbox 672 2546 746 2621; x_wconf 86' lang='lat' dir='ltr'>Cap.</span> <span class='ocrx_word' id='word_1_168' title='bbox 756 2543 794 2602; x_wconf 78' lang='lat'>84</span> <span class='ocrx_word' id='word_1_169' title='bbox 808 2567 868 2604; x_wconf 91' lang='lat' dir='ltr'>non</span> <span class='ocrx_word' id='word_1_170' title='bbox 882 2548 1025 2607; x_wconf 84' lang='lat' dir='ltr'>immerito</span> <span class='ocrx_word' id='word_1_171' title='bbox 1037 2551 1225 2607; x_wconf 78' lang='lat' dir='ltr'>Tuucrolnr</span> <span class='ocrx_word' id='word_1_172' title='bbox 1243 2551 1334 2610; x_wconf 81' lang='lat' dir='ltr'>abiu⁴</span> 
     </span>
     <span class='ocr_line' id='line_1_21' title="bbox 357 2628 1322 2709; baseline 0.006 -7"><span class='ocrx_word' id='word_1_173' title='bbox 357 2651 496 2707; x_wconf 84' lang='lat' dir='ltr'>dicetur:</span> <span class='ocrx_word' id='word_1_174' title='bbox 519 2649 567 2705; x_wconf 81' lang='lat' dir='ltr'>eff.</span> <span class='ocrx_word' id='word_1_175' title='bbox 582 2648 704 2707; x_wconf 75' lang='lat' dir='ltr'>Goatn.</span> <span class='ocrx_word' id='word_1_176' title='bbox 720 2664 820 2707; x_wconf 89' lang='lat' dir='ltr'>annot.</span> <span class='ocrx_word' id='word_1_177' title='bbox 835 2652 873 2708; x_wconf 90' lang='lat' dir='ltr'>ad</span> <span class='ocrx_word' id='word_1_178' title='bbox 888 2651 918 2708; x_wconf 84' lang='lat' dir='ltr'>h.</span> <span class='ocrx_word' id='word_1_179' title='bbox 932 2652 953 2709; x_wconf 91' lang='grc' dir='ltr'>Ι.</span> <span class='ocrx_word' id='word_1_180' title='bbox 1319 2628 1322 2635; x_wconf 33' lang='lat'><strong><em>¹</em></strong></span> 
     </span>
     <span class='ocr_line' id='line_1_22' title="bbox 356 2752 1334 2828; baseline 0.01 -21"><span class='ocrx_word' id='word_1_181' title='bbox 356 2796 360 2801; x_wconf 85' lang='lat'><strong>.</strong></span> <span class='ocrx_word' id='word_1_182' title='bbox 402 2753 492 2809; x_wconf 79' lang='lat' dir='ltr'>Porro</span> <span class='ocrx_word' id='word_1_183' title='bbox 516 2753 550 2808; x_wconf 79' lang='lat' dir='ltr'>coi</span> <span class='ocrx_word' id='word_1_184' title='bbox 573 2752 713 2825; x_wconf 78' lang='grc' dir='ltr'><em>βέλτιστα</em></span> <span class='ocrx_word' id='word_1_185' title='bbox 726 2753 878 2828; x_wconf 66' lang='grc' dir='ltr'><em>βουλεύειν</em></span> <span class='ocrx_word' id='word_1_186' title='bbox 902 2755 1028 2814; x_wconf 78' lang='lat' dir='ltr'>solennia</span> <span class='ocrx_word' id='word_1_187' title='bbox 1041 2756 1230 2815; x_wconf 84' lang='lat' dir='ltr'>iurisiurandi</span> <span class='ocrx_word' id='word_1_188' title='bbox 1246 2779 1334 2825; x_wconf 78' lang='lat' dir='ltr'>aena-</span> 
     </span>
     <span class='ocr_line' id='line_1_23' title="bbox 354 2836 1320 2934; baseline 0.002 -20"><span class='ocrx_word' id='word_1_189' title='bbox 354 2857 431 2931; x_wconf 82' lang='lat' dir='ltr'>·.torii</span> <span class='ocrx_word' id='word_1_190' title='bbox 445 2856 535 2913; x_wconf 83' lang='lat' dir='ltr'>verba</span> <span class='ocrx_word' id='word_1_191' title='bbox 549 2855 637 2912; x_wconf 78' lang='lat' dir='ltr'>fuisse</span> <span class='ocrx_word' id='word_1_192' title='bbox 658 2854 809 2911; x_wconf 85' lang='lat' dir='ltr'>videntur:</span> <span class='ocrx_word' id='word_1_193' title='bbox 829 2857 868 2913; x_wconf 83' lang='lat' dir='ltr'>cs.</span> <span class='ocrx_word' id='word_1_194' title='bbox 881 2858 910 2912; x_wconf 91' lang='lat' dir='ltr'>in</span> <span class='ocrx_word' id='word_1_195' title='bbox 925 2856 1045 2917; x_wconf 72' lang='lat' dir='ltr'>Philon.</span> <span class='ocrx_word' id='word_1_196' title='bbox 1064 2880 1096 2934; x_wconf 89' lang='lat' dir='ltr'>p.</span> <span class='ocrx_word' id='word_1_197' title='bbox 1107 2858 1176 2916; x_wconf 88' lang='grc'><strong>869.</strong></span> <span class='ocrx_word' id='word_1_198' title='bbox 1316 2836 1320 2844; x_wconf 59' lang='lat'><strong>.</strong></span> 
     </span>
    </p>

    <p class='ocr_par' dir='ltr' id='par_1_3' title="bbox 350 2955 1329 3451">
     <span class='ocr_line' id='line_1_24' title="bbox 400 2955 1326 3035; baseline 0.008 -21"><span class='ocrx_word' id='word_1_199' title='bbox 400 2957 427 3034; x_wconf 67' lang='grc' dir='ltr'>ξ.</span> <span class='ocrx_word' id='word_1_200' title='bbox 447 2958 492 3017; x_wconf 56' lang='lat' dir='ltr'>ll.</span> <span class='ocrx_word' id='word_1_201' title='bbox 510 2979 542 3033; x_wconf 90' lang='lat' dir='ltr'>p.</span> <span class='ocrx_word' id='word_1_202' title='bbox 557 2955 614 3015; x_wconf 67' lang='lat'>848</span> <span class='ocrx_word' id='word_1_203' title='bbox 634 2959 671 3015; x_wconf 90' lang='lat' dir='ltr'>R.</span> <span class='ocrx_word' id='word_1_204' title='bbox 708 2962 850 3019; x_wconf 73' lang='grc' dir='ltr'><em>πείθουσι</em></span> <span class='ocrx_word' id='word_1_205' title='bbox 873 2960 1078 3032; x_wconf 66' lang='grc' dir='ltr'>Νικομαχίδην</span> <span class='ocrx_word' id='word_1_206' title='bbox 1106 2964 1195 3035; x_wconf 82' lang='grc' dir='ltr'><em>νόμον</em></span> <span class='ocrx_word' id='word_1_207' title='bbox 1211 2963 1326 3023; x_wconf 74' lang='grc' dir='ltr'><em>ἀποδεῖ-</em></span> 
     </span>
     <span class='ocr_line' id='line_1_25' title="bbox 356 3061 1329 3142; baseline 0.004 -24"><span class='ocrx_word' id='word_1_208' title='bbox 356 3065 407 3125; x_wconf 64' lang='grc' dir='ltr'>ἔοι</span> <span class='ocrx_word' id='word_1_209' title='bbox 431 3061 469 3126; x_wconf 76' lang='grc' dir='ltr'>ὡς</span> <span class='ocrx_word' id='word_1_210' title='bbox 490 3064 544 3137; x_wconf 75' lang='grc' dir='ltr'>χρή</span> <span class='ocrx_word' id='word_1_211' title='bbox 565 3065 616 3134; x_wconf 79' lang='grc' dir='ltr'><em>τήν</em></span> <span class='ocrx_word' id='word_1_212' title='bbox 640 3063 746 3137; x_wconf 71' lang='grc' dir='ltr'><em>βουλήν</em></span> <span class='ocrx_word' id='word_1_213' title='bbox 771 3064 965 3126; x_wconf 77' lang='grc' dir='ltr'>συνδικάζειν.</span> <span class='ocrx_word' id='word_1_214' title='bbox 1008 3066 1149 3137; x_wconf 80' lang='lat' dir='ltr'>Quoniam</span> <span class='ocrx_word' id='word_1_215' title='bbox 1175 3067 1283 3142; x_wconf 84' lang='lat' dir='ltr'>ubique</span> <span class='ocrx_word' id='word_1_216' title='bbox 1300 3068 1329 3122; x_wconf 89' lang='lat' dir='ltr'>in</span> 
     </span>
     <span class='ocr_line' id='line_1_26' title="bbox 360 3167 1326 3237; baseline 0.003 -13"><span class='ocrx_word' id='word_1_217' title='bbox 360 3167 416 3224; x_wconf 88' lang='lat' dir='ltr'>hac</span> <span class='ocrx_word' id='word_1_218' title='bbox 433 3168 596 3225; x_wconf 75' lang='lat' dir='ltr'>Orat-reus</span> <span class='ocrx_word' id='word_1_219' title='bbox 613 3168 839 3237; x_wconf 77' lang='lat' dir='ltr'>N1coa1rcuos,</span> <span class='ocrx_word' id='word_1_220' title='bbox 859 3168 916 3226; x_wconf 87' lang='lat' dir='ltr'>hoc</span> <span class='ocrx_word' id='word_1_221' title='bbox 940 3171 1027 3227; x_wconf 89' lang='lat' dir='ltr'>unico</span> <span class='ocrx_word' id='word_1_222' title='bbox 1050 3170 1114 3228; x_wconf 91' lang='lat' dir='ltr'>loco</span> <span class='ocrx_word' id='word_1_223' title='bbox 1130 3172 1326 3233; x_wconf 73' lang='lat' dir='ltr'>Nrcorrrcur-</span> 
     </span>
     <span class='ocr_line' id='line_1_27' title="bbox 362 3270 1329 3346; baseline 0.002 -19"><span class='ocrx_word' id='word_1_224' title='bbox 362 3288 419 3327; x_wconf 70' lang='lat' dir='ltr'>mas</span> <span class='ocrx_word' id='word_1_225' title='bbox 435 3270 613 3346; x_wconf 81' lang='lat' dir='ltr'>appellatur,</span> <span class='ocrx_word' id='word_1_226' title='bbox 635 3273 764 3327; x_wconf 42' lang='lat' dir='ltr'>Mirum..</span> <span class='ocrx_word' id='word_1_227' title='bbox 781 3274 955 3345; x_wconf 69' lang='grc' dir='ltr'><em>Νικόμαχον</em></span> <span class='ocrx_word' id='word_1_228' title='bbox 971 3275 1049 3330; x_wconf 79' lang='grc' dir='ltr'><em>ἴδιον</em></span> <span class='ocrx_word' id='word_1_229' title='bbox 1072 3276 1161 3346; x_wconf 77' lang='grc' dir='ltr'><em>νόμον</em></span> <span class='ocrx_word' id='word_1_230' title='bbox 1175 3273 1329 3337; x_wconf 71' lang='grc' dir='ltr'><em>ἀποδεῖξαι</em></span> 
     </span>
     <span class='ocr_line' id='line_1_28' title="bbox 350 3374 1328 3451; baseline 0.002 -19"><span class='ocrx_word' id='word_1_231' title='bbox 350 3400 390 3432; x_wconf 74' lang='grc' dir='ltr'>ἰν.</span> <span class='ocrx_word' id='word_1_232' title='bbox 408 3397 435 3432; x_wconf 78' lang='lat' dir='ltr'>r.</span> <span class='ocrx_word' id='word_1_233' title='bbox 451 3378 477 3433; x_wconf 74' lang='lat' dir='ltr'>i.</span> <span class='ocrx_word' id='word_1_234' title='bbox 502 3374 597 3451; x_wconf 84' lang='lat' dir='ltr'>legere</span> <span class='ocrx_word' id='word_1_235' title='bbox 623 3375 705 3442; x_wconf 84' lang='lat' dir='ltr'>vult;</span> <span class='ocrx_word' id='word_1_236' title='bbox 726 3389 806 3431; x_wconf 85' lang='lat' dir='ltr'>recto</span> <span class='ocrx_word' id='word_1_237' title='bbox 833 3391 929 3435; x_wconf 85' lang='lat' dir='ltr'>autem</span> <span class='ocrx_word' id='word_1_238' title='bbox 953 3381 1131 3438; x_wconf 72' lang='lat' dir='ltr'>Hans&#39;raau.</span> <span class='ocrx_word' id='word_1_239' title='bbox 1150 3389 1191 3431; x_wconf 82' lang='lat' dir='ltr'>act</span> <span class='ocrx_word' id='word_1_240' title='bbox 1205 3376 1328 3443; x_wconf 70' lang='lat' dir='ltr'>Lacino.</span> 
     </span>
    </p>
   </div>
   <div class='ocr_carea' id='block_1_3' title="bbox 364 3480 1327 3561">
    <p class='ocr_par' dir='ltr' id='par_1_4' title="bbox 364 3464 1327 3561">
     <span class='ocr_line' id='line_1_29' title="bbox 364 3480 1327 3561; baseline -0.007 -16"><span class='ocrx_word' id='word_1_241' title='bbox 364 3482 540 3561; x_wconf 60' lang='lat' dir='ltr'>12de</span> <span class='ocrx_word' id='word_1_242' title='bbox 567 3480 646 3544; x_wconf 80' lang='lat' dir='ltr'>n.31</span> <span class='ocrx_word' id='word_1_243' title='bbox 668 3484 794 3554; x_wconf 87' lang='lat' dir='ltr'>monuit,</span> <span class='ocrx_word' id='word_1_244' title='bbox 815 3503 875 3544; x_wconf 83' lang='lat' dir='ltr'>non</span> <span class='ocrx_word' id='word_1_245' title='bbox 896 3482 1024 3543; x_wconf 82' lang='lat' dir='ltr'>insolens</span> <span class='ocrx_word' id='word_1_246' title='bbox 1042 3499 1123 3549; x_wconf 85' lang='lat' dir='ltr'>esse,</span> <span class='ocrx_word' id='word_1_247' title='bbox 1153 3491 1184 3537; x_wconf 91' lang='lat' dir='ltr'>ut</span> <span class='ocrx_word' id='word_1_248' title='bbox 1202 3481 1327 3558; x_wconf 88' lang='lat' dir='ltr'>primiti·</span> 
     </span>
    </p>
   </div>
   <div class='ocr_carea' id='block_1_4' title="bbox 346 3582 1321 3667">
    <p class='ocr_par' dir='ltr' id='par_1_5' title="bbox 346 3582 1321 3667">
     <span class='ocr_line' id='line_1_30' title="bbox 346 3582 1321 3667; baseline -0.004 -21"><span class='ocrx_word' id='word_1_249' title='bbox 346 3611 428 3648; x_wconf 81' lang='lat' dir='ltr'>-vum</span> <span class='ocrx_word' id='word_1_250' title='bbox 443 3601 472 3646; x_wconf 84' lang='lat' dir='ltr'>et</span> <span class='ocrx_word' id='word_1_251' title='bbox 489 3589 719 3667; x_wconf 82' lang='lat' dir='ltr'>patronymicum</span> <span class='ocrx_word' id='word_1_252' title='bbox 734 3607 841 3644; x_wconf 83' lang='lat' dir='ltr'>nomen</span> <span class='ocrx_word' id='word_1_253' title='bbox 856 3586 998 3647; x_wconf 78' lang='lat' dir='ltr'>incudem</span> <span class='ocrx_word' id='word_1_254' title='bbox 1013 3582 1163 3646; x_wconf 81' lang='lat' dir='ltr'>obtineant</span> <span class='ocrx_word' id='word_1_255' title='bbox 1178 3606 1321 3663; x_wconf 84' lang='lat' dir='ltr'>persona,</span> 
     </span>
    </p>
   </div>
   <div class='ocr_carea' id='block_1_5' title="bbox 345 3689 1327 4188">
    <p class='ocr_par' dir='ltr' id='par_1_6' title="bbox 345 3689 1327 4188">
     <span class='ocr_line' id='line_1_31' title="bbox 345 3689 1327 3768; baseline -0.004 -19"><span class='ocrx_word' id='word_1_256' title='bbox 345 3695 547 3763; x_wconf 84' lang='lat' dir='ltr'>-aententiam,</span> <span class='ocrx_word' id='word_1_257' title='bbox 565 3713 650 3767; x_wconf 85' lang='lat' dir='ltr'>quarn</span> <span class='ocrx_word' id='word_1_258' title='bbox 661 3693 899 3768; x_wconf 83' lang='lat' dir='ltr'>pronuntiaverat</span> <span class='ocrx_word' id='word_1_259' title='bbox 913 3690 952 3746; x_wconf 91' lang='lat' dir='ltr'>ad</span> <span class='ocrx_word' id='word_1_260' title='bbox 965 3690 1062 3744; x_wconf 66' lang='lat' dir='ltr'>Pom..</span> <span class='ocrx_word' id='word_1_261' title='bbox 1071 3690 1156 3747; x_wconf 88' lang='lat' dir='ltr'><strong>V111.</strong></span> <span class='ocrx_word' id='word_1_262' title='bbox 1171 3689 1221 3760; x_wconf 82' lang='lat'>23,</span> <span class='ocrx_word' id='word_1_263' title='bbox 1237 3712 1327 3753; x_wconf 87' lang='lat' dir='ltr'>revo-</span> 
     </span>
     <span class='ocr_line' id='line_1_32' title="bbox 359 3794 1319 3871; baseline -0.003 -19"><span class='ocrx_word' id='word_1_264' title='bbox 359 3816 439 3852; x_wconf 78' lang='lat' dir='ltr'>cans.</span> <span class='ocrx_word' id='word_1_265' title='bbox 464 3796 612 3853; x_wconf 83' lang='lat' dir='ltr'>Laudatur</span> <span class='ocrx_word' id='word_1_266' title='bbox 631 3796 717 3851; x_wconf 86' lang='lat' dir='ltr'>etiarn</span> <span class='ocrx_word' id='word_1_267' title='bbox 733 3796 796 3871; x_wconf 88' lang='lat' dir='ltr'>ipsa</span> <span class='ocrx_word' id='word_1_268' title='bbox 807 3796 890 3851; x_wconf 89' lang='lat' dir='ltr'>Orat.</span> <span class='ocrx_word' id='word_1_269' title='bbox 902 3794 940 3853; x_wconf 85' lang='lat' dir='ltr'>ab</span> <span class='ocrx_word' id='word_1_270' title='bbox 956 3794 1116 3849; x_wconf 76' lang='lat' dir='ltr'>Hanrourt.</span> <span class='ocrx_word' id='word_1_271' title='bbox 1136 3794 1181 3856; x_wconf 83' lang='lat' dir='ltr'>his</span> <span class='ocrx_word' id='word_1_272' title='bbox 1202 3795 1319 3852; x_wconf 80' lang='lat' dir='ltr'>verbis:</span> 
     </span>
     <span class='ocr_line' id='line_1_33' title="bbox 358 3899 1323 3977; baseline -0.003 -21"><span class='ocrx_word' id='word_1_273' title='bbox 358 3899 499 3973; x_wconf 75' lang='grc' dir='ltr'><em>ἑπιβολὴ,</em></span> <span class='ocrx_word' id='word_1_274' title='bbox 521 3899 559 3964; x_wconf 79' lang='grc' dir='ltr'>ὡς</span> <span class='ocrx_word' id='word_1_275' title='bbox 578 3908 627 3957; x_wconf 74' lang='grc' dir='ltr'>καὶ</span> <span class='ocrx_word' id='word_1_276' title='bbox 659 3904 735 3976; x_wconf 73' lang='grc' dir='ltr'><em>παρὰ</em></span> <span class='ocrx_word' id='word_1_277' title='bbox 761 3905 858 3973; x_wconf 76' lang='grc' dir='ltr'><em>Λυσίᾳ</em></span> <span class='ocrx_word' id='word_1_278' title='bbox 881 3899 953 3957; x_wconf 69' lang='grc' dir='ltr'>κατὰ</span> <span class='ocrx_word' id='word_1_279' title='bbox 979 3900 1194 3977; x_wconf 76' lang='grc' dir='ltr'>Νιιφμαχὶδου.</span> <span class='ocrx_word' id='word_1_280' title='bbox 1234 3899 1323 3954; x_wconf 87' lang='lat' dir='ltr'>Addit</span> 
     </span>
     <span class='ocr_line' id='line_1_34' title="bbox 356 4001 1319 4079; baseline 0 -18"><span class='ocrx_word' id='word_1_281' title='bbox 356 4006 525 4061; x_wconf 79' lang='lat' dir='ltr'>Focarscn.</span> <span class='ocrx_word' id='word_1_282' title='bbox 548 4005 579 4059; x_wconf 90' lang='lat' dir='ltr'>in</span> <span class='ocrx_word' id='word_1_283' title='bbox 610 4005 715 4063; x_wconf 74' lang='lat' dir='ltr'>comm.</span> <span class='ocrx_word' id='word_1_284' title='bbox 746 4005 821 4064; x_wconf 73' lang='lat' dir='ltr'>erit.</span> <span class='ocrx_word' id='word_1_285' title='bbox 849 4001 1224 4079; x_wconf 76' lang='lat' dir='ltr'>p.341‚1{ansraanos11</span> <span class='ocrx_word' id='word_1_286' title='bbox 1255 4016 1319 4061; x_wconf 83' lang='lat' dir='ltr'>sen·</span> 
     </span>
     <span class='ocr_line' id='line_1_35' title="bbox 355 4106 1319 4188; baseline -0.005 -20"><span class='ocrx_word' id='word_1_287' title='bbox 355 4109 446 4171; x_wconf 82' lang='lat' dir='ltr'>tentia</span> <span class='ocrx_word' id='word_1_288' title='bbox 463 4109 585 4188; x_wconf 83' lang='lat' dir='ltr'>probata</span> <span class='ocrx_word' id='word_1_289' title='bbox 595 4151 603 4183; x_wconf 91' lang='lat'><em>‚</em></span> <span class='ocrx_word' id='word_1_290' title='bbox 624 4111 747 4172; x_wconf 78' lang='lat' dir='ltr'>forsitan</span> <span class='ocrx_word' id='word_1_291' title='bbox 764 4110 820 4168; x_wconf 85' lang='lat' dir='ltr'>hoc</span> <span class='ocrx_word' id='word_1_292' title='bbox 831 4128 947 4185; x_wconf 86' lang='lat' dir='ltr'>quoquc</span> <span class='ocrx_word' id='word_1_293' title='bbox 963 4132 1022 4171; x_wconf 86' lang='lat' dir='ltr'>nou</span> <span class='ocrx_word' id='word_1_294' title='bbox 1039 4106 1220 4187; x_wconf 82' lang='lat' dir='ltr'>inprobabile</span> <span class='ocrx_word' id='word_1_295' title='bbox 1238 4126 1319 4179; x_wconf 81' lang='lat' dir='ltr'><strong>esse,</strong></span> 
     </span>
    </p>
   </div>
   <div class='ocr_carea' id='block_1_6' title="bbox 0 0 1488 5092">
    <p class='ocr_par' dir='ltr' id='par_1_7' title="bbox 0 0 1488 5092">
     <span class='ocr_line' id='line_1_36' title="bbox 0 0 1488 5092; baseline 0 11"><span class='ocrx_word' id='word_1_296' title='bbox 0 0 1488 5092; x_wconf 95' lang='lat' dir='ltr'> </span> 
     </span>
    </p>
   </div>
  </div>
 </body>
</html>
