2967 5092
643 554 664 614 7

170 740 327 815 προγόνους
349 740 540 814 mundedun:
561 748 590 792 et
605 736 702 813 paulic
718 735 855 807 insenius,
878 741 973 792 καίτοι
998 736 1063 792 ἀντὶ
1083 735 1146 809 μὲν·

171 843 280 899 δούλου
296 847 416 914 πολίτης
433 840 597 919 γεγένηται,
622 840 700 917 quod
714 851 809 899 tamen
828 843 972 917 probrum
988 864 1047 898 nnn
1066 861 1138 917 pre·

170 947 308 1005 mendum
322 966 386 1005 esse
410 944 476 1019 (1),
500 965 534 1000 ea
556 965 628 1020 quae
650 945 785 1019 leguntur
812 946 886 1020 §.u
912 946 1137 1002 Nicomcuura

175 1070 240 1106 sero
265 1051 346 1127 apud
368 1049 520 1127 phratores
542 1049 712 1124 inscriptum
735 1051 844 1120 tuisse,
870 1051 1013 1107 indicent:
1037 1052 1137 1128 potius

170 1155 263 1231 patris
279 1166 393 1233 spectat
415 1153 548 1212 servilem
569 1152 780 1213 conditionem:
810 1155 886 1211 hane
902 1155 941 1211 ob
964 1175 1025 1211 rem
1048 1156 1138 1231 igitur

169 1260 225 1318 hcc
242 1259 346 1317 dixisse
360 1271 490 1317 actorem
503 1257 664 1316 verosimile
678 1271 741 1328 est,
763 1271 795 1315 ut
807 1260 919 1316 iudices
933 1261 1152 1333 ἀναμνηοθὲνι.

170 1386 220 1429 τας
239 1366 296 1421 τῶν
316 1368 463 1441 προγόνων
486 1365 544 1420 τῶν
556 1366 730 1437 Νικομάχου
755 1363 861 1427 οἵτινες
875 1358 948 1434 ἦσαν
969 1365 1012 1441 (ξ.
1026 1365 1061 1436 6)
1076 1387 1137 1442 pu-

171 1470 267 1539 deret,
294 1469 380 1527 talem
400 1470 497 1527 virum
521 1480 581 1525 tam
604 1467 731 1525 obscuro
753 1467 817 1524 loeo
837 1480 937 1525 natum
967 1481 1046 1527 tenta
1067 1489 1155 1545 erga·

171 1575 317 1631 civitatem
335 1573 444 1633 scelera
459 1571 577 1648 impune
596 1584 777 1648 perpetrare.

207 1679 248 1735 Ne
264 1690 361 1735 autern
375 1697 459 1747 reus,
481 1696 538 1751 quo
563 1696 592 1732 sc
613 1676 780 1732 defenderet
800 1677 869 1731 nihil
890 1677 1017 1742 habens,
1036 1678 1153 1752 ipsun

170 1794 304 1858 argueret
326 1794 474 1850 ueterem,
501 1801 518 1839 a
544 1778 571 1854 ξ.
589 1778 607 1835 7
626 1780 732 1837 Orator
757 1782 868 1849 omnia,
898 1801 971 1853 quae
989 1782 1134 1836 criminari

172 1897 291 1962 posset,
312 1885 487 1960 excipiebat.

191 1992 269 2055 ⁴Huc
284 1990 315 2046 in
330 1989 505 2047 refutatione
525 1986 632 2043 mentio
657 1984 690 2040 fit
707 1987 902 2042 accusationis
927 1986 1034 2062 prioris
1053 1985 1085 2041 ὲν
1100 1992 1134 2058 τῇ

170 2093 272 2166 βουλῇ.
310 2091 388 2149 Dicit
409 2090 518 2148 scilicet
541 2102 658 2145 oratore
687 2090 738 2146 »si
756 2090 853 2145 dicere
878 2103 1031 2146 conaretur
1050 2110 1153 2160 reus,·

170 2198 291 2272 quaein
308 2195 417 2252 Senatu
438 2194 561 2265 (dixit),
581 2195 672 2249 mein
691 2195 907 2268 quadingentis
927 2196 1033 2264 fuisse,
1056 2196 1140 2272 cogi-

166 2310 246 2369 tate,
273 2299 432 2357 secuudum
447 2318 514 2368 eos,
537 2300 586 2373 qui
609 2298 813 2369 uindicaui,
835 2299 933 2374 piures
957 2320 1044 2375 quarn
1063 2300 1139 2356 mille

170 2402 388 2480 quadringentis
408 2404 643 2461 annumerandos
662 2405 734 2460 inre.
746 2413 766 2437 '’
816 2406 859 2460 De
876 2405 922 2460 illa
936 2406 1138 2474 accusatione,

171 2508 287 2582 quando
313 2510 350 2567 sit
382 2510 477 2578 iacta,
506 2509 579 2565 certi
600 2507 709 2582 aliquid
735 2508 792 2564 dici
820 2510 939 2583 nequit3
969 2510 1018 2564 rix
1040 2521 1138 2566 autern

170 2613 292 2689 probari
318 2625 417 2689 potest
444 2612 549 2668 Bremii
577 2613 736 2683 sententia,
768 2613 848 2690 apud
873 2613 1010 2669 Senatum
1031 2632 1156 2691 nempe}

171 2728 299 2772 actorem
314 2737 412 2787 reum,
425 2718 505 2793 quod
521 2717 648 2775 rationes
661 2737 719 2773 non
735 2718 895 2775 reddidisse
908 2737 1058 2775 accusasse
1078 2717 1139 2787 (2).

170 2822 433 2899 Hoeopprobrium
449 2824 488 2879 ita
507 2844 523 2878 a
543 2842 572 2879 se
585 2821 700 2898 repellit
712 2833 812 2891 actor,
833 2833 866 2877 ut
882 2842 912 2879 se
930 2842 965 2878 ne
986 2824 1043 2878 τῶν
1059 2843 1141 2897 cccc«

172 2927 278 2995 χιλίων
294 2926 411 3001 quidem
432 2923 480 2995 (3)
502 2925 591 2983 fuisse
608 2925 694 2980 dicat.

207 3029 298 3085 Perre
316 3030 420 3085 mirum
437 3028 522 3096 dicit,
543 3027 765 3083 N1con1ucuun
783 3028 819 3083 de
841 3027 902 3083 aliis
918 3027 1061 3084 sactorum
1076 3047 1155 3083 mem

171 3131 263 3190 moria
281 3144 314 3190 ut
333 3143 465 3193 teneatur
480 3162 521 3179 -
537 3141 725 3204 μνησικακεῖν
741 3128 791 3203 (lt)
806 3161 846 3174 -
863 3131 951 3201 velle,
982 3150 1067 3205 quern
1083 3152 1142 3209 po·

173 3235 307 3312 pularem
329 3237 444 3314 imperii
460 3236 582 3295 formem
604 3248 752 3306 mutasse,
770 3236 869 3293 saltem
889 3237 974 3293 novis
988 3237 1079 3294 rebus
1097 3239 1157 3295 fac

171 3340 267 3413 visse,
287 3340 410 3401 dubium
424 3355 550 3401 nonest.
568 3342 612 3401 Ne
628 3354 724 3399 eutem
741 3342 804 3419 ipse
814 3342 1012 3419 sycophantae
1021 3363 1155 3401 munere«

206 3578 250 3648 (1)
268 3577 309 3636 ct.
327 3580 476 3640 Boeckh.
494 3584 625 3638 occeio.
639 3580 697 3635 vol.
709 3582 732 3636 Ι.
751 3601 773 3651 p.
788 3586 854 3651 199,
872 3584 1003 3652 Meijer.
1021 3589 1054 3638 de
1067 3588 1137 3642 Bon.

171 3670 275 3720 Danu.
291 3683 314 3732 p.
331 3670 365 3721 62
382 3687 407 3724 ο.
418 3673 486 3735 210,
504 3689 555 3741 quo
573 3670 664 3722 ultimo
681 3671 737 3723 ioco
755 3673 834 3724 simui
849 3671 880 3723 de
897 3673 981 3741 iusto,
999 3692 1048 3743 quo
1067 3693 1140 3744 φρο-

174 3761 264 3824 νρναϊς
279 3752 490 3811 adscribebantur
506 3758 601 3827 liberi,
619 3770 733 3827 tenpore
751 3761 892 3827 expositum
912 3774 959 3816 est.

203 3844 245 3907 (2)
258 3842 283 3891 E
286 3843 400 3911 cenant,
406 3845 433 3897 in
440 3848 546 3911 iudicio,
556 3847 661 3899 minime
673 3849 699 3899 iu
709 3846 803 3900 Senatu
810 3849 953 3903 dabantur:
963 3850 997 3908 es.
1012 3851 1038 3903 Μ
1047 3873 1058 3903 e
1068 3853 1084 3920 ij
1095 3870 1139 3914 er.

172 3932 205 3985 de
222 3933 293 3985 Bon.
310 3935 413 3987 Damn.
430 3952 447 4001 p
467 3938 517 3989 129
533 3954 558 3991 n.
571 3940 629 3990 433.

207 4017 250 4088 (3)
268 4017 329 4073 Vid.
348 4019 415 4072 inira
431 4022 524 4078 Annos.
540 4023 570 4075 ad
589 4025 614 4079 h.
625 4024 645 4080 l.

206 4105 308 4175 (¹1)Ci.
331 4109 406 4161 Ant.
432 4114 465 4163 de
489 4112 575 4179 Myer.
600 4132 624 4182 p.
641 4117 691 4184 38,
709 4119 742 4168 43
760 4127 786 4168 ct
804 4121 849 4180 it,
876 4117 1024 4170 Isocrat.
1058 4123 1139 4171 Orat.

173 4197 235 4250 adu.
256 4198 325 4253 eall.
344 4216 369 4266 p·
379 4199 426 4252 371
465 4202 562 4270 steph.
581 4200 653 4258 Xeu.
671 4203 750 4261 Heu.
768 4208 804 4257 ll.
825 4211 855 4271 t,
875 4208 915 4261 30.
